3052 4876
658 280 683 290 ,
734 241 854 304 38.-

173 434 242 497 qua
252 418 288 481 in
298 433 337 483 l'e
350 408 518 482 dffletant'
524 419 673 502 σχήματα
686 417 805 496 λέξειας
817 436 838 483 1
851 417 1006 498 διανοίας,
1015 419 1121 482 habet
1133 418 1349 497 exemplum:

174 521 230 587 ἐπὶ
247 521 364 587 σαυτὸν
380 523 498 600 καλεῖς,
517 520 574 587 ἐπὶ
590 525 666 600 τοὺς
678 523 796 605 νόμους
811 524 929 601 καλεῖς.
955 523 1212 590 Commemorat
1227 530 1349 589 autem

173 631 386 711 anaphoram
400 647 482 697 esse
499 615 714 714 dissolutam,
739 632 769 696 si
785 647 847 711 pro
864 633 972 697 altero
989 626 1072 715 ‘ini'
1089 625 1171 722 ‘nal'
1188 633 1349 712 ponatur.

172 737 233 804 Ille
256 739 372 803 autem
387 738 425 803 in
440 739 565 803 eodem
583 738 743 819 exemplo
767 739 836 802 iam
859 739 992 827 pridem
1014 739 1051 803 id
1075 740 1349 803 commonuerat

173 843 343 911 Viderunt
363 845 468 926 igitur
492 847 594 910 ambo
612 847 824 925 anaphoram
841 860 923 910 esse
947 843 1121 925 quandam
1144 846 1350 910 iuncturam.

175 950 243 1018 Sed
274 967 334 1017 cur
365 968 436 1017 non
469 953 724 1033 quaesiverunt,
747 968 810 1032 pro
835 967 985 1032 quanam
1009 952 1252 1017 coniunctione
1276 952 1350 1016 sin-

175 1061 278 1140 gulae
294 1059 493 1139 anaphorae
509 1061 630 1123 essent
645 1056 811 1138 positae‘?
850 1057 925 1123 Hoc
940 1059 1136 1123 mehercule
1152 1059 1350 1138 proximum

174 1166 248 1232 fuit
299 1163 476 1231 Omissum
506 1166 541 1230 id
574 1167 629 1230 est
661 1181 681 1229 a
710 1164 902 1247 Demetrio,
933 1168 969 1229 et
1003 1166 1117 1230 omnis
1150 1166 1353 1244 anaphorae

177 1274 357 1354 disciplina
388 1271 611 1354 claudicabat,
641 1272 772 1339 iactum
804 1274 860 1337 est
883 1289 904 1339 1
927 1271 1032 1338 Birtio
1064 1275 1099 1338 et
1131 1288 1225 1337 nova
1246 1274 1353 1354 quasi

175 1380 235 1446 lux
259 1380 400 1446 affulsit

178 1541 220 1682 b)
251 1593 307 1660 De
331 1593 636 1677 repetitionibus
660 1599 701 1660 et
726 1558 1008 1677 repetitionum
1033 1592 1174 1677 liguris
1203 1593 1354 1677 agitur.

284 1755 328 1822 Ut
351 1757 616 1837 demonstretur,
650 1771 754 1834 quam
786 1772 857 1820 non
891 1756 1100 1820 conveniant
1124 1771 1213 1835 quae
1238 1755 1356 1820 adhuc

179 1866 262 1928 sunt
278 1863 404 1944 scripta
426 1861 632 1944 quaestioni,
656 1862 758 1927 liceat
772 1863 948 1927 nonnullis
973 1863 1142 1942 exemplis
1166 1877 1357 1942 exponere,

179 1986 283 2051 quam
320 1971 427 2035 multa
465 1984 639 2050 quamque
674 1969 769 2035 varia
806 1969 1012 2048 repetitione
1043 1971 1227 2035 verborum
1259 1968 1358 2033 effici

179 2077 325 2156 possint.
340 2075 446 2141 Velut
460 2075 496 2140 in
512 2072 625 2140 Ovidii
641 2073 969 2154 Metamorphoseon
987 2077 1147 2155 exemplo
1157 2076 1181 2160 ¹)
1203 2076 1254 2140 sic
1268 2076 1359 2156 legi-

179 2199 271 2247 mus:
286 2179 407 2265 „Quid
423 2178 755 2261 faciamtaoger
771 2179 1056 2262 annerogem‘?
1071 2183 1359 2262 quemdeinde

179 2286 386 2370 rogabo‘?“
416 2288 480 2354 Hic
493 2289 699 2368 repetitione
715 2288 871 2354 eiusdem
885 2288 982 2354 verbi
993 2290 1188 2353 describere
1205 2293 1240 2352 et
1254 2291 1359 2369 quasi

181 2399 369 2478 depingere
393 2398 511 2462 studet
533 2399 646 2479 poeta,
671 2412 774 2476 quam
791 2396 970 2476 multiplex
983 2397 1119 2477 rogatio
1136 2413 1217 2462 esse
1233 2398 1358 2477 possit

181 2504 284 2569 Aliud
300 2505 496 2584 exemplum
513 2503 611 2587 sit22)
636 2499 729 2584 ,Quis
745 2503 862 2568 credat
884 2504 1001 2583 pueris
1024 2519 1113 2568 non
1141 2504 1359 2568 nocuisse

181 2609 321 2677 ieram‘?
344 2610 436 2676 Non
459 2611 685 2675 nocuisse
706 2626 828 2690 parum
852 2613 915 2693 est,
938 2612 1083 2690 prodest
1107 2615 1266 2691 quoque!
1293 2611 1359 2677 Hic

183 2721 288 2799 poeta
320 2719 492 2798 corrigere
524 2733 563 2782 se
587 2719 670 2784 vult.
708 2717 802 2782 Idem
837 2733 881 2781 ex
905 2719 1066 2798 sequenti
1089 2720 1250 2799 exemplo
1275 2735 1358 2797 cog·

184 2825 381 2910 noscitura)
406 2823 651 2908 ,Proximus
667 2824 756 2905 huic,
781 2824 886 2903 longo
913 2825 977 2888 sed
1000 2809 1240 2905 proximus
1255 2827 1359 2891 inter-

184 2932 295 2997 vallo}
329 2931 406 2997 Non
420 2946 498 2996 raro
514 2931 673 3010 repetitio
690 2933 876 3010 usurpatur
899 2932 943 2996 ad
967 2933 1166 3012 augendum
1190 2936 1225 2997 et
1240 2949 1360 2997 cumu-

185 3039 335 3121 landum,
347 3041 399 3103 ut:
416 3038 528 3118 magis
540 3038 732 3119 magisque,
741 3036 767 3122 ⁴)
778 3038 847 3102 iam
860 3038 1007 3121 iamque,
1019 3039 1144 3103 itemm
1155 3040 1362 3122 iterumque,

185 3147 300 3210 minus
316 3148 422 3226 atque
437 3144 551 3208 minus
561 3146 589 3229 ⁶)
614 3146 649 3207 et
663 3144 747 3208 illud
763 3143 918 3223 Vergilii:
929 3147 955 3229 6)
979 3144 1092 3228 ,Bella
1115 3146 1254 3210 horrida
1269 3147 1363 3211 bella

186 3252 228 3318 Et
250 3251 411 3333 Thybrim
428 3235 835 3332 spumantem'sanguine
851 3254 974 3317 cemo!
1003 3250 1113 3328 Quam
1136 3253 1231 3318 varie
1254 3255 1363 3333 poeta

186 3360 411 3440 repetitiones
442 3359 614 3440 adhibeat,
645 3374 689 3422 ex
722 3359 882 3437 sequenti
905 3359 1115 3437 intellegitur
1146 3361 1361 3446 exemplum)

187 3467 286 3549 ,Mille
318 3467 440 3548 iugit
461 3466 728 3545 refugitque
759 3465 835 3530 vias
860 3468 895 3530 at
917 3466 1056 3531 vividus
1080 3465 1206 3532 Umber
1233 3466 1364 3532 Haeret

296 3664 319 3733 ¹)
339 3666 383 3721 lII
402 3665 463 3720 466.

295 3752 320 3821 1)
340 3755 390 3810 Or,
410 3754 487 3810 Iiast.
507 3752 608 3807 11413

296 3842 321 3910 ⁸)
339 3845 406 3900 Aen.
425 3844 451 3899 V
469 3843 530 3898 320.

296 3933 320 3997 ⁴)
340 3932 429 4002 magis
454 3937 537 4000 atque
555 3930 645 4000 magis
664 3930 761 4002 (Verg.
782 3932 849 3989 heu.
869 3931 923 3989 XII
942 3931 989 3994 39)
1016 3931 1104 4006 magis
1122 3949 1154 3987 ec
1173 3931 1261 4006 magis
1280 3931 1362 3997 (heu.

191 4022 246 4077 XII
264 4022 337 4088 412).

298 4109 323 4173 ⁶)
341 4112 408 4165 Aen.
427 4109 482 4164 XII
501 4109 562 4164 616.

298 4197 323 4264 ⁸)
343 4201 410 4255 Aen.
429 4200 469 4255 VI
488 4199 531 4254 86.

299 4287 324 4355 1)
342 4289 410 4345 Aen.
429 4288 485 4345 XII
504 4287 565 4347 753.
