3052 4876
697 255 1000 340 --aa--v

213 428 279 496 Sed
321 447 380 496 cur
418 431 524 514 ,plura
558 434 725 499 acriter
760 436 803 498 et
836 429 1069 506 instanter
1105 435 1264 514 incipere‘
1303 451 1385 514 pos-

212 537 330 604 tulat‘?
363 537 473 604 Credo
505 541 599 604 nulla
630 542 674 606 de
707 557 821 624 causa,
849 542 916 606 nisi
949 543 1043 621 quod
1066 543 1145 605 talis
1170 543 1201 606 ei
1225 542 1384 621 repetitio

212 647 362 711 maxime
395 648 516 726 placet.
551 685 595 696 —
629 647 714 712 Tum
749 649 915 715 nonnulla
952 649 996 713 de
1032 649 1197 728 epiphora
1233 664 1385 712 comme-

213 770 354 819 morans
376 755 441 819 sic:
466 755 579 836 ,etiam
596 756 630 819 in
648 757 912 837 contrapositis‘,
928 756 1039 835 inquit
1058 755 1122 836 ,vel
1139 755 1384 834 comparativis
1444 806 1446 810 ,

211 861 302 925 solet
317 862 530 941 respondere
546 863 732 942 primorum
752 865 936 928 verborum
953 863 1133 926 alterna
1155 863 1384 943 repetitio,

212 969 306 1049 quod
330 970 435 1033 modo
452 970 556 1033 huius
577 987 657 1034 esse
673 971 739 1034 loci
754 972 872 1050 potius
889 971 976 1034 dixi:
1000 968 1142 1050 ,Vigiles
1153 972 1195 1032 vtu
1212 969 1255 1032 de
1272 972 1384 1049 nocte,

210 1078 249 1139 ut
271 1075 341 1140 tuis
366 1077 622 1141 consultoribus
645 1079 870 1158 respondeas
894 1079 960 1159 ille,
991 1080 1105 1157 uteo,
1135 1092 1204 1156 quo
1223 1077 1384 1157 intendit,

211 1185 344 1247 mature
376 1199 453 1247 cum
487 1184 639 1249 exercitu
663 1185 857 1266 perveniat;
889 1187 924 1248 te
955 1185 1133 1264 gallorum,
1164 1183 1258 1246 illum
1290 1183 1383 1247 buci-

210 1306 332 1355 narum
356 1293 478 1354 cantus
504 1293 703 1373 exsuscitat,
733 1296 771 1357 tu
806 1293 976 1356 actionem
1000 1290 1162 1370 instituis,
1193 1290 1250 1353 ille
1273 1289 1384 1354 aciem

95 1449 99 1456 .
210 1397 356 1471 instruit.
391 1401 429 1461 tu
454 1414 568 1479 caves,
601 1415 646 1464 ne
679 1400 898 1463 consultores
921 1399 980 1480 tui,
1012 1398 1077 1479 ille,
1113 1413 1158 1460 ne
1191 1398 1293 1460 urbes
1324 1401 1385 1460 aut

211 1509 324 1568 castra
364 1505 559 1583 capiantur.⁸
607 1503 836 1582 Quintilianus
875 1506 952 1570 sine
987 1505 1092 1569 dubio
1128 1504 1172 1567 de
1207 1505 1384 1582 anaphora

211 1613 366 1675 chiasmo
401 1613 571 1676 contraria
603 1614 659 1677 hic
690 1613 769 1692 agit.
817 1611 902 1678 Cum
935 1613 1042 1676 altera
1070 1612 1174 1691 igitur
1206 1611 1384 1689 anaphora

209 1721 299 1783 hanc
330 1719 504 1784 artissime
540 1736 708 1812 conexam
742 1736 823 1784 esse
854 1720 963 1783 docet.
1010 1718 1237 1782 Nihilominus
1265 1733 1382 1781 recen-

209 1827 317 1890 tiores
342 1827 484 1890 alteram
509 1828 551 1891 ah
574 1827 682 1891 altera
698 1827 800 1906 plane
817 1827 1065 1890 secernendum
1080 1842 1162 1890 esse
1176 1841 1383 1904 persuasum

208 1934 345 1998 habent.
384 1932 487 1997 Velut
504 1931 729 2017 Gerberus:¹)
754 1931 838 2013 „Fiir
862 1933 917 1997 die
933 1930 1089 2012 Stellung
1113 1933 1175 1996 des
1200 1933 1382 2012 ersteren“,

207 2040 328 2120 inquit,
352 2040 416 2120 „ist
439 2040 649 2119 neuerdings
674 2037 707 2123 (1)
731 2040 820 2103 nach
845 2040 923 2103 dem
941 2039 1128 2119 Vorgange
1152 2054 1221 2103 von
1238 2038 1382 2118 Nagels-

208 2148 332 2229 nach2)
369 2147 430 2211 der
463 2146 641 2212 Terminus
681 2146 868 2226 Anaphora
907 2147 1097 2226 gebraucht
1135 2146 1285 2210 worden.
1332 2145 1382 2210 Da

207 2255 375 2318 indessen
399 2255 455 2319 die
475 2255 690 2318 rhetorische
707 2253 811 2334 Figur
834 2254 951 2318 dieses
967 2252 1117 2317 Namens
1136 2253 1212 2316 eine
1230 2251 1381 2316 Wieder-

208 2362 341 2441 holung
373 2362 558 2426 desselben
591 2359 728 2425 Wortes
764 2378 806 2426 zu
838 2359 977 2441 Anfang
1008 2360 1219 2442 bezeichnet,
1250 2360 1382 2424 welche

208 2470 298 2533 doch
321 2469 416 2532 nicht
440 2469 541 2533 allein
566 2469 621 2533 die
645 2466 802 2549 Stellung
826 2470 964 2551 angeht,
990 2484 1031 2533 so
1056 2467 1169 2532 diirite
1195 2484 1233 2531 es
1257 2469 1380 2531 besser

209 2576 293 2656 sein,
329 2576 396 2640 den
431 2574 609 2640 Terminus
643 2576 718 2640 hier
753 2593 794 2640 zu
831 2576 1041 2640 vermeiden.
1086 2574 1179 2638 Ftille
1214 2575 1280 2638 wie
1315 2571 1381 2638 Cic.

85 2694 87 2697 ’
209 2681 279 2748 Cat.
306 2684 333 2764 1,
357 2684 385 2746 9.
432 2681 480 2746 Tu
504 2687 542 2745 ut
565 2698 718 2762 unquam
742 2686 776 2746 te
801 2679 986 2762 corrigas?
1010 2685 1047 2744 tu
1071 2684 1110 2745 ut
1133 2682 1237 2744 ullam
1260 2680 1380 2760 fugam

209 2786 407 2854 meditere‘?
439 2793 474 2852 tu
499 2791 538 2852 ut
561 2789 667 2852 ullum
692 2790 851 2853 exsilium
877 2785 1043 2867 cogites?
1066 2788 1181 2851 bieten
1206 2789 1241 2851 in
1265 2789 1380 2852 rheto-
1421 2873 1424 2878 Ι

209 2898 340 2962 rischer
364 2895 562 2976 Beziehung
586 2894 780 2976 Anaphora,
807 2896 842 2958 in
867 2895 983 2974 Bezug
1008 2894 1067 2958 aui
1090 2895 1146 2959 die
1169 2892 1379 2974 Satzgliede-

206 2995 304 3086 rung,
335 3004 466 3068 welche
498 3003 559 3066 mit
582 3004 661 3067 dem
687 3002 938 3067 Rhetorischen
961 3003 1075 3067 nichts
1100 3020 1143 3067 zu
1167 3005 1227 3067 tun
1252 2997 1379 3085 hat,'(!)
1463 3026 1466 3033 ·

208 3109 433 3176 Concinnititt
459 3107 518 3173 Als
544 3109 690 3189 Beispiel
715 3109 770 3174 1111
795 3110 909 3175 diese:
935 3107 1031 3174 Caes.
1048 3111 1078 3174 b.
1096 3107 1133 3174 G.
1152 3111 1180 3192 2,
1197 3111 1248 3173 27.
1271 3125 1378 3173 ausos

206 3234 287 3282 esse
310 3216 456 3280 transire
475 3217 682 3306 latissimum
698 3217 839 3296 flumen,
864 3218 1052 3282 ascendere
1070 3218 1259 3282 altissimas
1276 3217 1377 3296 ripas,

213 3325 329 3389 subire
351 3323 606 3404 iniquissimum
631 3317 777 3389 locum.“

262 3421 265 3427 ’
286 3422 289 3428 ’
314 3429 501 3496 Gerberum
519 3435 611 3496 certe
626 3448 729 3496 nemo
743 3432 907 3512 sequitur,
920 3434 978 3512 qui
991 3430 1199 3497 Graecorum
1212 3429 1376 3495 distincti-

206 3555 292 3605 ones
310 3538 562 3618 amphorarum
579 3539 826 3622 cognoverint)
842 3538 1023 3604 Pr0ximus
1042 3540 1085 3603 de
1102 3540 1279 3618 anaphora
1294 3538 1378 3618 egit:

312 3644 1376 3731 ε)Α16161661111161611311114)111166616-

205 3754 315 3833 phora
348 3754 441 3817 huno
475 3755 580 3818 hahet
614 3769 771 3818 versum:
806 3753 894 3838 ,Est‘,
930 3754 981 3818 sic
1015 3754 1217 3818 hexameter
1250 3752 1377 3834 incipit,

313 3904 335 3969 ¹)
356 3906 406 3960 llis
426 3907 543 3974 Spreche
563 3907 603 3960 als
623 3906 722 3970 Kunst,
744 3907 896 3975 Bromberg
917 3907 982 3959 1871
1006 3906 1018 3958 l
1037 3923 1063 3973 p.
1083 3905 1144 3960 588.

310 3984 336 4050 ²)
354 3987 418 4041 Lat.
438 3986 498 4040 Stil.
518 3983 534 4054 ,6
554 3986 613 4051 168,
633 3989 659 4040 3.

311 4064 507 4133 ο1616111111
538 4068 571 4120 Κ.
592 4068 703 4132 Loreuz,
731 4068 819 4122 Ueher
840 4067 966 4135 Anaphen
991 4067 1045 4121 und
1065 4066 1206 4121 Chiesmus
1229 4066 1257 4121 in
1278 4067 1376 4120 Cdsars

204 4147 310 4202 Bellum
330 4146 473 4211 Gallicum,
494 4148 655 4216 Kreuaberg
674 4147 752 4201 1665.

311 4225 336 4294 ⁴)
355 4227 444 4294 Riese,
463 4228 541 4282 Alex.
561 4227 709 4300 Authologs
729 4229 790 4284 Lat.
811 4227 884 4301 Lips.
905 4227 1136 4287 nuccduvlui
1155 4227 1221 4282 iaec.
1241 4225 1271 4279 Il
1290 4242 1317 4299 p.
1334 4226 1375 4297 18,

203 4325 230 4366 v.
250 4308 298 4378 343
316 4308 398 4364 Halm
416 4308 522 4378 6134.
1159 4312 1162 4317 ⁴
