<?xml version="1.0" encoding="UTF-8"?>
<!DOCTYPE html PUBLIC "-//W3C//DTD XHTML 1.0 Transitional//EN"
    "http://www.w3.org/TR/xhtml1/DTD/xhtml1-transitional.dtd">
<html xmlns="http://www.w3.org/1999/xhtml" xml:lang="en" lang="en">
 <head>
  <title>
</title>
<meta http-equiv="Content-Type" content="text/html;charset=utf-8" />
  <meta name='ocr-system' content='tesseract 3.04.00' />
  <meta name='ocr-capabilities' content='ocr_page ocr_carea ocr_par ocr_line ocrx_word'/>
</head>
<body>
  <div class='ocr_page' id='page_1' title='image "./deanaphorainexe00ottogoog_0042.png"; bbox 0 0 3052 4876; ppageno 0'>
   <div class='ocr_carea' id='block_1_1' title="bbox 665 286 858 349">
    <p class='ocr_par' dir='ltr' id='par_1_1' title="bbox 665 286 858 349">
     <span class='ocr_line' id='line_1_1' title="bbox 665 286 858 349; baseline 0.005 -18"><span class='ocrx_word' id='word_1_1' title='bbox 665 286 858 349; x_wconf 71' lang='grc'>,37-</span> 
     </span>
    </p>
   </div>
   <div class='ocr_carea' id='block_1_2' title="bbox 175 462 1350 1277">
    <p class='ocr_par' dir='ltr' id='par_1_2' title="bbox 176 462 1347 654">
     <span class='ocr_line' id='line_1_2' title="bbox 176 462 1347 543; baseline 0 -15"><span class='ocrx_word' id='word_1_2' title='bbox 176 468 285 528; x_wconf 84' lang='lat' dir='ltr'><strong>cusat.</strong></span> <span class='ocrx_word' id='word_1_3' title='bbox 333 463 491 528; x_wconf 87' lang='lat' dir='ltr'>Ceterum</span> <span class='ocrx_word' id='word_1_4' title='bbox 522 480 590 543; x_wconf 93' lang='lat' dir='ltr'>qua</span> <span class='ocrx_word' id='word_1_5' title='bbox 620 463 767 542; x_wconf 86' lang='lat' dir='ltr'>quisque</span> <span class='ocrx_word' id='word_1_6' title='bbox 792 466 905 526; x_wconf 85' lang='lat' dir='ltr'>aetate</span> <span class='ocrx_word' id='word_1_7' title='bbox 929 462 1032 526; x_wconf 87' lang='lat' dir='ltr'>fuerit</span> <span class='ocrx_word' id='word_1_8' title='bbox 1055 464 1202 541; x_wconf 83' lang='lat' dir='ltr'>scriptor</span> <span class='ocrx_word' id='word_1_9' title='bbox 1225 479 1270 526; x_wconf 91' lang='lat' dir='ltr'>ex</span> <span class='ocrx_word' id='word_1_10' title='bbox 1294 480 1347 528; x_wconf 88' lang='lat' dir='ltr'>or·</span> 
     </span>
     <span class='ocr_line' id='line_1_3' title="bbox 178 571 838 654; baseline 0 -21"><span class='ocrx_word' id='word_1_11' title='bbox 178 571 257 634; x_wconf 90' lang='lat' dir='ltr'>dine</span> <span class='ocrx_word' id='word_1_12' title='bbox 280 571 452 634; x_wconf 88' lang='lat' dir='ltr'>interdum</span> <span class='ocrx_word' id='word_1_13' title='bbox 476 571 582 634; x_wconf 89' lang='lat' dir='ltr'>habet</span> <span class='ocrx_word' id='word_1_14' title='bbox 605 571 838 654; x_wconf 84' lang='lat' dir='ltr'>neglectum.¹)</span> 
     </span>
    </p>

    <p class='ocr_par' dir='ltr' id='par_1_3' title="bbox 175 676 1350 1277">
     <span class='ocr_line' id='line_1_4' title="bbox 285 676 1348 760; baseline 0.003 -23"><span class='ocrx_word' id='word_1_15' title='bbox 285 680 325 757; x_wconf 73' lang='lat' dir='ltr'>d)</span> <span class='ocrx_word' id='word_1_16' title='bbox 348 676 502 740; x_wconf 91' lang='lat' dir='ltr'>Birtius</span> <span class='ocrx_word' id='word_1_17' title='bbox 526 677 676 756; x_wconf 91' lang='lat' dir='ltr'>denique</span> <span class='ocrx_word' id='word_1_18' title='bbox 705 693 797 742; x_wconf 92' lang='lat' dir='ltr'>nova</span> <span class='ocrx_word' id='word_1_19' title='bbox 821 677 920 760; x_wconf 83' lang='lat' dir='ltr'>quasi</span> <span class='ocrx_word' id='word_1_20' title='bbox 945 676 1173 742; x_wconf 82' lang='lat' dir='ltr'>fundamenta</span> <span class='ocrx_word' id='word_1_21' title='bbox 1194 678 1283 758; x_wconf 84' lang='lat' dir='ltr'>iecit,</span> <span class='ocrx_word' id='word_1_22' title='bbox 1313 679 1348 741; x_wconf 93' lang='lat' dir='ltr'>in</span> 
     </span>
     <span class='ocr_line' id='line_1_5' title="bbox 177 784 1348 879; baseline 0.002 -32"><span class='ocrx_word' id='word_1_23' title='bbox 177 786 302 864; x_wconf 87' lang='lat' dir='ltr'>quibus</span> <span class='ocrx_word' id='word_1_24' title='bbox 319 785 349 849; x_wconf 93' lang='lat' dir='ltr'>si</span> <span class='ocrx_word' id='word_1_25' title='bbox 366 786 564 864; x_wconf 90' lang='lat' dir='ltr'>anaphorae</span> <span class='ocrx_word' id='word_1_26' title='bbox 580 785 736 879; x_wconf 89' lang='lat' dir='ltr'>doctrina</span> <span class='ocrx_word' id='word_1_27' title='bbox 752 785 935 849; x_wconf 86' lang='lat' dir='ltr'>aedificata</span> <span class='ocrx_word' id='word_1_28' title='bbox 952 785 1016 849; x_wconf 87' lang='lat' dir='ltr'>erit</span> <span class='ocrx_word' id='word_1_29' title='bbox 1037 786 1193 850; x_wconf 88' lang='lat' dir='ltr'>uoniam</span> <span class='ocrx_word' id='word_1_30' title='bbox 1215 784 1348 865; x_wconf 80' lang='lat' dir='ltr'>fragilis</span> 
     </span>
     <span class='ocr_line' id='line_1_6' title="bbox 177 891 1348 973; baseline 0.001 -19"><span class='ocrx_word' id='word_1_31' title='bbox 177 892 240 955; x_wconf 88' lang='lat' dir='ltr'>erit</span> <span class='ocrx_word' id='word_1_32' title='bbox 256 895 291 956; x_wconf 92' lang='lat' dir='ltr'>et</span> <span class='ocrx_word' id='word_1_33' title='bbox 307 893 446 956; x_wconf 87' lang='lat' dir='ltr'>caduca.</span> <span class='ocrx_word' id='word_1_34' title='bbox 469 891 602 955; x_wconf 88' lang='lat' dir='ltr'>Primus</span> <span class='ocrx_word' id='word_1_35' title='bbox 620 893 710 956; x_wconf 88' lang='lat' dir='ltr'>enim</span> <span class='ocrx_word' id='word_1_36' title='bbox 728 892 814 956; x_wconf 91' lang='lat' dir='ltr'>vidit</span> <span class='ocrx_word' id='word_1_37' title='bbox 830 908 1013 973; x_wconf 88' lang='lat' dir='ltr'>,summurn</span> <span class='ocrx_word' id='word_1_38' title='bbox 1026 908 1107 957; x_wconf 92' lang='lat' dir='ltr'>esse</span> <span class='ocrx_word' id='word_1_39' title='bbox 1123 908 1250 956; x_wconf 90' lang='lat' dir='ltr'>munus</span> <span class='ocrx_word' id='word_1_40' title='bbox 1267 907 1348 955; x_wconf 89' lang='lat' dir='ltr'>ana-</span> 
     </span>
     <span class='ocr_line' id='line_1_7' title="bbox 177 996 1349 1083; baseline 0.001 -22"><span class='ocrx_word' id='word_1_41' title='bbox 177 999 315 1080; x_wconf 91' lang='lat' dir='ltr'>phorae,</span> <span class='ocrx_word' id='word_1_42' title='bbox 346 1001 385 1062; x_wconf 93' lang='lat' dir='ltr'>ut</span> <span class='ocrx_word' id='word_1_43' title='bbox 417 999 574 1077; x_wconf 82' lang='lat' dir='ltr'>scriptori</span> <span class='ocrx_word' id='word_1_44' title='bbox 601 999 843 1077; x_wconf 91' lang='lat' dir='ltr'>particularum</span> <span class='ocrx_word' id='word_1_45' title='bbox 873 999 1018 1078; x_wconf 84' lang='lat' dir='ltr'>gratiam</span> <span class='ocrx_word' id='word_1_46' title='bbox 1042 998 1164 1063; x_wconf 86' lang='lat' dir='ltr'>faciat‘.</span> <span class='ocrx_word' id='word_1_47' title='bbox 1175 1001 1201 1083; x_wconf 82' lang='lat'>2)</span> <span class='ocrx_word' id='word_1_48' title='bbox 1248 996 1349 1074; x_wconf 85' lang='lat' dir='ltr'>Quod</span> 
     </span>
     <span class='ocr_line' id='line_1_8' title="bbox 177 1105 1350 1186; baseline 0 -17"><span class='ocrx_word' id='word_1_49' title='bbox 177 1107 343 1184; x_wconf 87' lang='lat' dir='ltr'>quantum</span> <span class='ocrx_word' id='word_1_50' title='bbox 374 1106 490 1170; x_wconf 86' lang='lat' dir='ltr'>valeat</span> <span class='ocrx_word' id='word_1_51' title='bbox 520 1106 555 1169; x_wconf 94' lang='lat' dir='ltr'>in</span> <span class='ocrx_word' id='word_1_52' title='bbox 580 1107 786 1185; x_wconf 84' lang='lat' dir='ltr'>quaestione</span> <span class='ocrx_word' id='word_1_53' title='bbox 810 1106 1017 1186; x_wconf 87' lang='lat' dir='ltr'>anaphorae,</span> <span class='ocrx_word' id='word_1_54' title='bbox 1049 1106 1115 1169; x_wconf 92' lang='lat' dir='ltr'>hac</span> <span class='ocrx_word' id='word_1_55' title='bbox 1145 1105 1350 1169; x_wconf 79' lang='lat' dir='ltr'>tractatione</span> 
     </span>
     <span class='ocr_line' id='line_1_9' title="bbox 175 1212 371 1277; baseline 0.005 -2"><span class='ocrx_word' id='word_1_56' title='bbox 175 1212 371 1277; x_wconf 86' lang='lat' dir='ltr'>illustretur.</span> 
     </span>
    </p>
   </div>
   <div class='ocr_carea' id='block_1_3' title="bbox 177 2031 1350 2385">
    <p class='ocr_par' dir='ltr' id='par_1_4' title="bbox 177 2031 1350 2385">
     <span class='ocr_line' id='line_1_10' title="bbox 178 2031 1350 2138; baseline 0.003 -27"><span class='ocrx_word' id='word_1_57' title='bbox 178 2031 295 2130; x_wconf 86' lang='lat' dir='ltr'>Quae</span> <span class='ocrx_word' id='word_1_58' title='bbox 316 2057 369 2111; x_wconf 90' lang='lat' dir='ltr'>ex</span> <span class='ocrx_word' id='word_1_59' title='bbox 390 2037 624 2135; x_wconf 83' lang='lat' dir='ltr'>praeceptis</span> <span class='ocrx_word' id='word_1_60' title='bbox 641 2036 693 2112; x_wconf 89' lang='lat' dir='ltr'>de</span> <span class='ocrx_word' id='word_1_61' title='bbox 709 2039 913 2136; x_wconf 80' lang='lat' dir='ltr'>anaphora</span> <span class='ocrx_word' id='word_1_62' title='bbox 934 2037 1157 2138; x_wconf 83' lang='lat' dir='ltr'>propositis</span> <span class='ocrx_word' id='word_1_63' title='bbox 1177 2038 1350 2115; x_wconf 87' lang='lat' dir='ltr'>maxime</span> 
     </span>
     <span class='ocr_line' id='line_1_11' title="bbox 177 2159 1350 2261; baseline 0.004 -27"><span class='ocrx_word' id='word_1_64' title='bbox 177 2159 368 2237; x_wconf 88' lang='lat' dir='ltr'>memoria</span> <span class='ocrx_word' id='word_1_65' title='bbox 397 2163 488 2236; x_wconf 87' lang='lat' dir='ltr'>sunt</span> <span class='ocrx_word' id='word_1_66' title='bbox 512 2160 643 2260; x_wconf 80' lang='lat' dir='ltr'>digna,</span> <span class='ocrx_word' id='word_1_67' title='bbox 673 2161 877 2239; x_wconf 88' lang='lat' dir='ltr'>acuratius</span> <span class='ocrx_word' id='word_1_68' title='bbox 906 2161 1147 2260; x_wconf 88' lang='lat' dir='ltr'>inquiruntur</span> <span class='ocrx_word' id='word_1_69' title='bbox 1176 2164 1216 2239; x_wconf 87' lang='lat' dir='ltr'>et</span> <span class='ocrx_word' id='word_1_70' title='bbox 1246 2185 1350 2261; x_wconf 89' lang='lat' dir='ltr'>quae</span> 
     </span>
     <span class='ocr_line' id='line_1_12' title="bbox 195 2284 1325 2385; baseline 0.001 -22"><span class='ocrx_word' id='word_1_71' title='bbox 195 2287 312 2363; x_wconf 88' lang='lat' dir='ltr'>antea</span> <span class='ocrx_word' id='word_1_72' title='bbox 343 2306 480 2384; x_wconf 88' lang='lat' dir='ltr'>parum</span> <span class='ocrx_word' id='word_1_73' title='bbox 511 2285 722 2385; x_wconf 83' lang='lat' dir='ltr'>diligenter</span> <span class='ocrx_word' id='word_1_74' title='bbox 751 2284 953 2383; x_wconf 87' lang='lat' dir='ltr'>disputata</span> <span class='ocrx_word' id='word_1_75' title='bbox 983 2289 1086 2378; x_wconf 88' lang='lat' dir='ltr'>sunt,</span> <span class='ocrx_word' id='word_1_76' title='bbox 1116 2285 1325 2384; x_wconf 87' lang='lat' dir='ltr'>copiosius</span> 
     </span>
    </p>
   </div>
   <div class='ocr_carea' id='block_1_4' title="bbox 631 2408 895 2507">
    <p class='ocr_par' dir='ltr' id='par_1_5' title="bbox 631 2408 895 2507">
     <span class='ocr_line' id='line_1_13' title="bbox 631 2408 895 2507; baseline -0.004 -23"><span class='ocrx_word' id='word_1_77' title='bbox 631 2408 895 2507; x_wconf 86' lang='lat' dir='ltr'>explicantur.</span> 
     </span>
    </p>
   </div>
   <div class='ocr_carea' id='block_1_5' title="bbox 260 2636 1263 2724">
    <p class='ocr_par' dir='ltr' id='par_1_6' title="bbox 260 2636 1263 2724">
     <span class='ocr_line' id='line_1_14' title="bbox 260 2636 1263 2724; baseline 0.002 -22"><span class='ocrx_word' id='word_1_78' title='bbox 260 2639 299 2724; x_wconf 86' lang='lat' dir='ltr'>a)</span> <span class='ocrx_word' id='word_1_79' title='bbox 326 2637 515 2703; x_wconf 86' lang='lat' dir='ltr'>Demetrii</span> <span class='ocrx_word' id='word_1_80' title='bbox 540 2642 580 2702; x_wconf 92' lang='lat' dir='ltr'>et</span> <span class='ocrx_word' id='word_1_81' title='bbox 605 2636 718 2702; x_wconf 87' lang='lat' dir='ltr'>Birtli</span> <span class='ocrx_word' id='word_1_82' title='bbox 742 2637 967 2703; x_wconf 87' lang='lat' dir='ltr'>sententiae</span> <span class='ocrx_word' id='word_1_83' title='bbox 992 2638 1263 2704; x_wconf 81' lang='lat' dir='ltr'>conferuntur.</span> 
     </span>
    </p>
   </div>
   <div class='ocr_carea' id='block_1_6' title="bbox 90 2798 1349 4061">
    <p class='ocr_par' dir='ltr' id='par_1_7' title="bbox 90 2798 1349 4061">
     <span class='ocr_line' id='line_1_15' title="bbox 282 2798 1349 2882; baseline 0.004 -20"><span class='ocrx_word' id='word_1_84' title='bbox 282 2798 352 2862; x_wconf 92' lang='lat' dir='ltr'>Iam</span> <span class='ocrx_word' id='word_1_85' title='bbox 370 2799 588 2880; x_wconf 91' lang='lat' dir='ltr'>contulimus,</span> <span class='ocrx_word' id='word_1_86' title='bbox 605 2800 777 2880; x_wconf 89' lang='lat' dir='ltr'>quatenus</span> <span class='ocrx_word' id='word_1_87' title='bbox 793 2799 869 2862; x_wconf 83' lang='lat' dir='ltr'>lieri</span> <span class='ocrx_word' id='word_1_88' title='bbox 886 2799 1006 2882; x_wconf 85' lang='lat' dir='ltr'>potuit,</span> <span class='ocrx_word' id='word_1_89' title='bbox 1022 2800 1119 2879; x_wconf 85' lang='lat' dir='ltr'>leges</span> <span class='ocrx_word' id='word_1_90' title='bbox 1133 2804 1237 2880; x_wconf 90' lang='lat' dir='ltr'>atque</span> <span class='ocrx_word' id='word_1_91' title='bbox 1253 2817 1349 2881; x_wconf 91' lang='lat' dir='ltr'>prae·</span> 
     </span>
     <span class='ocr_line' id='line_1_16' title="bbox 90 2898 1349 2988; baseline -0.003 -11"><span class='ocrx_word' id='word_1_92' title='bbox 90 2973 93 2977; x_wconf 88' lang='lat'>.</span> <span class='ocrx_word' id='word_1_93' title='bbox 176 2910 275 2987; x_wconf 90' lang='lat' dir='ltr'>cepta</span> <span class='ocrx_word' id='word_1_94' title='bbox 299 2923 320 2970; x_wconf 88' lang='lat' dir='ltr'>a</span> <span class='ocrx_word' id='word_1_95' title='bbox 343 2898 426 2971; x_wconf 87' lang='lat' dir='ltr'>viris</span> <span class='ocrx_word' id='word_1_96' title='bbox 460 2907 572 2970; x_wconf 90' lang='lat' dir='ltr'>doctis</span> <span class='ocrx_word' id='word_1_97' title='bbox 606 2907 650 2970; x_wconf 91' lang='lat' dir='ltr'>de</span> <span class='ocrx_word' id='word_1_98' title='bbox 674 2908 851 2985; x_wconf 86' lang='lat' dir='ltr'>anaphora</span> <span class='ocrx_word' id='word_1_99' title='bbox 875 2907 1062 2987; x_wconf 88' lang='lat' dir='ltr'>proposita.</span> <span class='ocrx_word' id='word_1_100' title='bbox 1107 2907 1234 2973; x_wconf 89' lang='lat' dir='ltr'>Iterum</span> <span class='ocrx_word' id='word_1_101' title='bbox 1259 2925 1349 2988; x_wconf 93' lang='lat' dir='ltr'>quae</span> 
     </span>
     <span class='ocr_line' id='line_1_17' title="bbox 176 3013 1348 3096; baseline 0.002 -20"><span class='ocrx_word' id='word_1_102' title='bbox 176 3013 307 3092; x_wconf 88' lang='lat' dir='ltr'>priores</span> <span class='ocrx_word' id='word_1_103' title='bbox 325 3013 590 3077; x_wconf 87' lang='lat' dir='ltr'>elaboraverunt</span> <span class='ocrx_word' id='word_1_104' title='bbox 602 3013 860 3092; x_wconf 88' lang='lat' dir='ltr'>complectimur</span> <span class='ocrx_word' id='word_1_105' title='bbox 873 3015 908 3077; x_wconf 92' lang='lat' dir='ltr'>et</span> <span class='ocrx_word' id='word_1_106' title='bbox 919 3015 1110 3093; x_wconf 87' lang='lat' dir='ltr'>generatim</span> <span class='ocrx_word' id='word_1_107' title='bbox 1123 3015 1348 3096; x_wconf 87' lang='lat' dir='ltr'>comprehen-</span> 
     </span>
     <span class='ocr_line' id='line_1_18' title="bbox 176 3117 1348 3203; baseline 0.003 -20"><span class='ocrx_word' id='word_1_108' title='bbox 176 3119 298 3183; x_wconf 83' lang='lat' dir='ltr'>dimus</span> <span class='ocrx_word' id='word_1_109' title='bbox 344 3117 503 3184; x_wconf 89' lang='lat' dir='ltr'>Vidimus</span> <span class='ocrx_word' id='word_1_110' title='bbox 527 3117 680 3184; x_wconf 86' lang='lat' dir='ltr'>Graecos</span> <span class='ocrx_word' id='word_1_111' title='bbox 705 3121 903 3199; x_wconf 90' lang='lat' dir='ltr'>anaphorae</span> <span class='ocrx_word' id='word_1_112' title='bbox 925 3121 960 3184; x_wconf 94' lang='lat' dir='ltr'>in</span> <span class='ocrx_word' id='word_1_113' title='bbox 985 3122 1142 3187; x_wconf 85' lang='lat' dir='ltr'>oratione</span> <span class='ocrx_word' id='word_1_114' title='bbox 1164 3122 1348 3203; x_wconf 93' lang='lat' dir='ltr'>plurimum</span> 
     </span>
     <span class='ocr_line' id='line_1_19' title="bbox 175 3225 1347 3312; baseline 0.003 -21"><span class='ocrx_word' id='word_1_115' title='bbox 175 3226 347 3309; x_wconf 89' lang='lat' dir='ltr'>tribuisse,</span> <span class='ocrx_word' id='word_1_116' title='bbox 375 3225 553 3291; x_wconf 86' lang='lat' dir='ltr'>Romanos</span> <span class='ocrx_word' id='word_1_117' title='bbox 582 3228 663 3291; x_wconf 87' lang='lat' dir='ltr'>huic</span> <span class='ocrx_word' id='word_1_118' title='bbox 685 3227 821 3307; x_wconf 86' lang='lat' dir='ltr'>figurae</span> <span class='ocrx_word' id='word_1_119' title='bbox 843 3228 952 3291; x_wconf 91' lang='lat' dir='ltr'>multa</span> <span class='ocrx_word' id='word_1_120' title='bbox 976 3229 1179 3312; x_wconf 85' lang='lat' dir='ltr'>detraxisse,</span> <span class='ocrx_word' id='word_1_121' title='bbox 1203 3230 1347 3294; x_wconf 88' lang='lat' dir='ltr'>recenti-</span> 
     </span>
     <span class='ocr_line' id='line_1_20' title="bbox 175 3323 1347 3414; baseline 0.003 -15"><span class='ocrx_word' id='word_1_122' title='bbox 175 3351 255 3399; x_wconf 88' lang='lat' dir='ltr'>ores</span> <span class='ocrx_word' id='word_1_123' title='bbox 281 3336 339 3398; x_wconf 93' lang='lat' dir='ltr'>vix</span> <span class='ocrx_word' id='word_1_124' title='bbox 363 3350 440 3398; x_wconf 89' lang='lat' dir='ltr'>eam</span> <span class='ocrx_word' id='word_1_125' title='bbox 463 3323 672 3414; x_wconf 84' lang='lat' dir='ltr'>respexisse.</span> <span class='ocrx_word' id='word_1_126' title='bbox 711 3333 822 3399; x_wconf 91' lang='lat' dir='ltr'>Huius</span> <span class='ocrx_word' id='word_1_127' title='bbox 856 3335 1103 3400; x_wconf 90' lang='lat' dir='ltr'>attenuationis</span> <span class='ocrx_word' id='word_1_128' title='bbox 1135 3339 1170 3400; x_wconf 92' lang='lat' dir='ltr'>et</span> <span class='ocrx_word' id='word_1_129' title='bbox 1201 3337 1347 3402; x_wconf 90' lang='lat' dir='ltr'>diminu-</span> 
     </span>
     <span class='ocr_line' id='line_1_21' title="bbox 174 3437 1347 3527; baseline 0.002 -21"><span class='ocrx_word' id='word_1_130' title='bbox 174 3442 288 3524; x_wconf 80' lang='lat' dir='ltr'>tioniS,</span> <span class='ocrx_word' id='word_1_131' title='bbox 312 3458 381 3521; x_wconf 91' lang='lat' dir='ltr'>qua</span> <span class='ocrx_word' id='word_1_132' title='bbox 397 3443 574 3521; x_wconf 90' lang='lat' dir='ltr'>anaphora</span> <span class='ocrx_word' id='word_1_133' title='bbox 596 3443 777 3521; x_wconf 88' lang='lat' dir='ltr'>iniquitate</span> <span class='ocrx_word' id='word_1_134' title='bbox 801 3443 997 3519; x_wconf 90' lang='lat' dir='ltr'>temporum</span> <span class='ocrx_word' id='word_1_135' title='bbox 1021 3441 1245 3527; x_wconf 76' lang='lat' dir='ltr'>afficiebatur,</span> <span class='ocrx_word' id='word_1_136' title='bbox 1269 3437 1347 3523; x_wconf 84' lang='lat' dir='ltr'>quis</span> 
     </span>
     <span class='ocr_line' id='line_1_22' title="bbox 174 3545 1348 3630; baseline 0.003 -20"><span class='ocrx_word' id='word_1_137' title='bbox 174 3563 245 3610; x_wconf 93' lang='lat' dir='ltr'>non</span> <span class='ocrx_word' id='word_1_138' title='bbox 270 3551 413 3626; x_wconf 89' lang='lat' dir='ltr'>quaerat</span> <span class='ocrx_word' id='word_1_139' title='bbox 437 3545 608 3612; x_wconf 87' lang='lat' dir='ltr'>causam‘?</span> <span class='ocrx_word' id='word_1_140' title='bbox 639 3546 701 3611; x_wconf 86' lang='lat' dir='ltr'>Est</span> <span class='ocrx_word' id='word_1_141' title='bbox 724 3551 849 3630; x_wconf 91' lang='lat' dir='ltr'>autem,</span> <span class='ocrx_word' id='word_1_142' title='bbox 879 3549 972 3628; x_wconf 92' lang='lat' dir='ltr'>quod</span> <span class='ocrx_word' id='word_1_143' title='bbox 996 3549 1126 3628; x_wconf 90' lang='lat' dir='ltr'>primae</span> <span class='ocrx_word' id='word_1_144' title='bbox 1150 3551 1348 3629; x_wconf 88' lang='lat' dir='ltr'>anaphorae</span> 
     </span>
     <span class='ocr_line' id='line_1_23' title="bbox 175 3654 1347 3735; baseline 0.003 -18"><span class='ocrx_word' id='word_1_145' title='bbox 175 3654 272 3734; x_wconf 87' lang='lat' dir='ltr'>leges</span> <span class='ocrx_word' id='word_1_146' title='bbox 297 3669 417 3733; x_wconf 91' lang='lat' dir='ltr'>parum</span> <span class='ocrx_word' id='word_1_147' title='bbox 442 3654 623 3734; x_wconf 85' lang='lat' dir='ltr'>diligenter</span> <span class='ocrx_word' id='word_1_148' title='bbox 647 3658 744 3719; x_wconf 86' lang='lat' dir='ltr'>erant</span> <span class='ocrx_word' id='word_1_149' title='bbox 767 3657 968 3735; x_wconf 86' lang='lat' dir='ltr'>propositae</span> <span class='ocrx_word' id='word_1_150' title='bbox 985 3659 1020 3720; x_wconf 88' lang='lat' dir='ltr'>et</span> <span class='ocrx_word' id='word_1_151' title='bbox 1041 3658 1230 3721; x_wconf 87' lang='lat' dir='ltr'>subtilitate</span> <span class='ocrx_word' id='word_1_152' title='bbox 1255 3673 1347 3722; x_wconf 78' lang='lat' dir='ltr'>care</span> 
     </span>
     <span class='ocr_line' id='line_1_24' title="bbox 174 3760 1345 3845; baseline 0.003 -19"><span class='ocrx_word' id='word_1_153' title='bbox 174 3764 264 3826; x_wconf 85' lang='lat' dir='ltr'>bant.</span> <span class='ocrx_word' id='word_1_154' title='bbox 310 3760 352 3825; x_wconf 85' lang='lat' dir='ltr'>Et</span> <span class='ocrx_word' id='word_1_155' title='bbox 376 3778 479 3842; x_wconf 91' lang='lat' dir='ltr'>quam</span> <span class='ocrx_word' id='word_1_156' title='bbox 503 3778 611 3842; x_wconf 87' lang='lat' dir='ltr'>prope</span> <span class='ocrx_word' id='word_1_157' title='bbox 627 3764 770 3826; x_wconf 86' lang='lat' dir='ltr'>aberant</span> <span class='ocrx_word' id='word_1_158' title='bbox 793 3760 913 3828; x_wconf 88' lang='lat' dir='ltr'>Graeci</span> <span class='ocrx_word' id='word_1_159' title='bbox 938 3781 958 3829; x_wconf 87' lang='lat' dir='ltr'>a</span> <span class='ocrx_word' id='word_1_160' title='bbox 980 3766 1085 3830; x_wconf 89' lang='lat' dir='ltr'>ianua</span> <span class='ocrx_word' id='word_1_161' title='bbox 1108 3782 1177 3845; x_wconf 90' lang='lat' dir='ltr'>qua</span> <span class='ocrx_word' id='word_1_162' title='bbox 1201 3765 1345 3830; x_wconf 88' lang='lat' dir='ltr'>eliracta</span> 
     </span>
     <span class='ocr_line' id='line_1_25' title="bbox 175 3870 1346 3950; baseline 0.003 -17"><span class='ocrx_word' id='word_1_163' title='bbox 175 3872 210 3934; x_wconf 91' lang='lat' dir='ltr'>et</span> <span class='ocrx_word' id='word_1_164' title='bbox 231 3870 371 3934; x_wconf 89' lang='lat' dir='ltr'>revulsa</span> <span class='ocrx_word' id='word_1_165' title='bbox 394 3872 468 3935; x_wconf 86' lang='lat' dir='ltr'>tota</span> <span class='ocrx_word' id='word_1_166' title='bbox 485 3870 682 3950; x_wconf 87' lang='lat' dir='ltr'>anaphorae</span> <span class='ocrx_word' id='word_1_167' title='bbox 699 3871 854 3935; x_wconf 89' lang='lat' dir='ltr'>doctrina</span> <span class='ocrx_word' id='word_1_168' title='bbox 870 3873 1049 3950; x_wconf 89' lang='lat' dir='ltr'>patuisset.</span> <span class='ocrx_word' id='word_1_169' title='bbox 1088 3871 1210 3937; x_wconf 89' lang='lat' dir='ltr'>Nonne</span> <span class='ocrx_word' id='word_1_170' title='bbox 1224 3871 1346 3936; x_wconf 86' lang='lat' dir='ltr'>Deme-</span> 
     </span>
     <span class='ocr_line' id='line_1_26' title="bbox 174 3976 1347 4061; baseline 0.001 -20"><span class='ocrx_word' id='word_1_171' title='bbox 174 3978 269 4057; x_wconf 91' lang='lat' dir='ltr'>trius,</span> <span class='ocrx_word' id='word_1_172' title='bbox 301 3992 417 4040; x_wconf 89' lang='lat' dir='ltr'>nonne</span> <span class='ocrx_word' id='word_1_173' title='bbox 451 3978 645 4042; x_wconf 88' lang='lat' dir='ltr'>Alexander</span> <span class='ocrx_word' id='word_1_174' title='bbox 677 3978 788 4041; x_wconf 90' lang='lat' dir='ltr'>tenuit</span> <span class='ocrx_word' id='word_1_175' title='bbox 819 3976 983 4042; x_wconf 85' lang='lat' dir='ltr'>clavem‘?</span> <span class='ocrx_word' id='word_1_176' title='bbox 1016 3978 1079 4043; x_wconf 93' lang='lat' dir='ltr'>Hic</span> <span class='ocrx_word' id='word_1_177' title='bbox 1109 3980 1168 4043; x_wconf 91' lang='lat' dir='ltr'>ubi</span> <span class='ocrx_word' id='word_1_178' title='bbox 1196 3980 1347 4061; x_wconf 91' lang='lat' dir='ltr'>exponit,</span> 
     </span>
    </p>
   </div>
   <div class='ocr_carea' id='block_1_7' title="bbox 174 4155 1346 4413">
    <p class='ocr_par' dir='ltr' id='par_1_8' title="bbox 174 4155 1346 4413">
     <span class='ocr_line' id='line_1_27' title="bbox 283 4155 1346 4225; baseline 0.006 -16"><span class='ocrx_word' id='word_1_179' title='bbox 283 4155 305 4221; x_wconf 90' lang='lat'>¹)</span> <span class='ocrx_word' id='word_1_180' title='bbox 326 4155 686 4224; x_wconf 75' lang='lat' dir='ltr'>Hermogenes-Alexander,</span> <span class='ocrx_word' id='word_1_181' title='bbox 705 4157 1041 4225; x_wconf 78' lang='lat' dir='ltr'>Quintilian-Cornificius,</span> <span class='ocrx_word' id='word_1_182' title='bbox 1054 4160 1138 4225; x_wconf 87' lang='lat' dir='ltr'>Beda,</span> <span class='ocrx_word' id='word_1_183' title='bbox 1159 4159 1279 4215; x_wconf 88' lang='lat' dir='ltr'>Rutilius</span> <span class='ocrx_word' id='word_1_184' title='bbox 1293 4160 1346 4216; x_wconf 86' lang='lat' dir='ltr'>Lu-</span> 
     </span>
     <span class='ocr_line' id='line_1_28' title="bbox 174 4244 1171 4319; baseline 0.004 -20"><span class='ocrx_word' id='word_1_185' title='bbox 174 4261 232 4319; x_wconf 84' lang='lat' dir='ltr'>pus.</span> <span class='ocrx_word' id='word_1_186' title='bbox 253 4245 363 4310; x_wconf 84' lang='lat' dir='ltr'>Gerbcr,</span> <span class='ocrx_word' id='word_1_187' title='bbox 383 4244 426 4299; x_wconf 84' lang='lat' dir='ltr'>die</span> <span class='ocrx_word' id='word_1_188' title='bbox 446 4244 564 4313; x_wconf 83' lang='lat' dir='ltr'>Spracho</span> <span class='ocrx_word' id='word_1_189' title='bbox 583 4246 624 4300; x_wconf 83' lang='lat' dir='ltr'>cls</span> <span class='ocrx_word' id='word_1_190' title='bbox 642 4246 741 4313; x_wconf 88' lang='lat' dir='ltr'>Kunst,</span> <span class='ocrx_word' id='word_1_191' title='bbox 761 4246 1048 4316; x_wconf 77' lang='lat' dir='ltr'>Brombcrg187211</span> <span class='ocrx_word' id='word_1_192' title='bbox 1068 4250 1091 4314; x_wconf 89' lang='lat'>1,</span> <span class='ocrx_word' id='word_1_193' title='bbox 1112 4249 1171 4304; x_wconf 83' lang='lat'><strong>195.</strong></span> 
     </span>
     <span class='ocr_line' id='line_1_29' title="bbox 280 4332 1097 4413; baseline 0.005 -21"><span class='ocrx_word' id='word_1_194' title='bbox 280 4332 306 4409; x_wconf 72' lang='lat'>²)</span> <span class='ocrx_word' id='word_1_195' title='bbox 325 4335 366 4393; x_wconf 85' lang='lat' dir='ltr'>De</span> <span class='ocrx_word' id='word_1_196' title='bbox 385 4332 557 4403; x_wconf 82' lang='lat' dir='ltr'>Halieuticis,</span> <span class='ocrx_word' id='word_1_197' title='bbox 577 4333 665 4395; x_wconf 89' lang='lat' dir='ltr'>Berol.</span> <span class='ocrx_word' id='word_1_198' title='bbox 685 4335 953 4397; x_wconf 73' lang='lat' dir='ltr'>hucucbxxviir</span> <span class='ocrx_word' id='word_1_199' title='bbox 972 4352 1035 4413; x_wconf 77' lang='lat' dir='ltr'>pag.</span> <span class='ocrx_word' id='word_1_200' title='bbox 1053 4337 1097 4397; x_wconf 80' lang='lat'>59.</span> 
     </span>
    </p>
   </div>
   <div class='ocr_carea' id='block_1_8' title="bbox 0 0 1530 4876">
    <p class='ocr_par' dir='ltr' id='par_1_9' title="bbox 0 0 1530 4876">
     <span class='ocr_line' id='line_1_30' title="bbox 0 0 1530 4876; baseline 0 0"><span class='ocrx_word' id='word_1_201' title='bbox 0 0 1530 4876; x_wconf 95' lang='lat' dir='ltr'> </span> 
     </span>
    </p>
   </div>
  </div>
 </body>
</html>
