<?xml version="1.0" encoding="UTF-8"?>
<!DOCTYPE html PUBLIC "-//W3C//DTD XHTML 1.0 Transitional//EN"
    "http://www.w3.org/TR/xhtml1/DTD/xhtml1-transitional.dtd">
<html xmlns="http://www.w3.org/1999/xhtml" xml:lang="en" lang="en">
 <head>
  <title>
</title>
<meta http-equiv="Content-Type" content="text/html;charset=utf-8" />
  <meta name='ocr-system' content='tesseract 3.04.00' />
  <meta name='ocr-capabilities' content='ocr_page ocr_carea ocr_par ocr_line ocrx_word'/>
</head>
<body>
  <div class='ocr_page' id='page_1' title='image "./deanaphorainexe00ottogoog_0020.png"; bbox 0 0 3052 4876; ppageno 0'>
   <div class='ocr_carea' id='block_1_1' title="bbox 677 336 875 410">
    <p class='ocr_par' dir='ltr' id='par_1_1' title="bbox 677 336 875 410">
     <span class='ocr_line' id='line_1_1' title="bbox 677 336 875 410; baseline 0.005 -25"><span class='ocrx_word' id='word_1_1' title='bbox 677 336 875 410; x_wconf 66' lang='lat'>...15-</span> 
     </span>
    </p>
   </div>
   <div class='ocr_carea' id='block_1_2' title="bbox 117 509 1361 1242">
    <p class='ocr_par' dir='ltr' id='par_1_2' title="bbox 168 509 1361 816">
     <span class='ocr_line' id='line_1_2' title="bbox 189 509 1361 602; baseline 0.002 -24"><span class='ocrx_word' id='word_1_2' title='bbox 189 517 355 591; x_wconf 85' lang='grc' dir='ltr'><strong><em>τοσοιίτοις</em></strong></span> <span class='ocrx_word' id='word_1_3' title='bbox 379 514 410 578; x_wconf 77' lang='grc' dir='ltr'><strong><em>οἱ</em></strong></span> <span class='ocrx_word' id='word_1_4' title='bbox 435 515 586 600; x_wconf 78' lang='grc' dir='ltr'><em>ἡμέτεροι</em></span> <span class='ocrx_word' id='word_1_5' title='bbox 610 513 795 592; x_wconf 76' lang='grc' dir='ltr'><strong><em>παιδευταί,</em></strong></span> <span class='ocrx_word' id='word_1_6' title='bbox 822 509 902 599; x_wconf 80' lang='grc' dir='ltr'><strong><em>παρ’</em></strong></span> <span class='ocrx_word' id='word_1_7' title='bbox 920 512 1009 590; x_wconf 81' lang='grc' dir='ltr'><strong><em>ὅσοις</em></strong></span> <span class='ocrx_word' id='word_1_8' title='bbox 1024 517 1167 600; x_wconf 76' lang='grc' dir='ltr'><strong><em>Ἀθῆναι,</em></strong></span> <span class='ocrx_word' id='word_1_9' title='bbox 1193 516 1286 602; x_wconf 85' lang='grc' dir='ltr'><strong><em>παρὰ</em></strong></span> <span class='ocrx_word' id='word_1_10' title='bbox 1309 540 1361 581; x_wconf 91' lang='grc' dir='ltr'><strong><em>το-</em></strong></span> 
     </span>
     <span class='ocr_line' id='line_1_3' title="bbox 189 617 1361 706; baseline 0.001 -20"><span class='ocrx_word' id='word_1_11' title='bbox 189 625 316 700; x_wconf 81' lang='grc' dir='ltr'><strong><em>σούτοις</em></strong></span> <span class='ocrx_word' id='word_1_12' title='bbox 340 621 373 686; x_wconf 79' lang='grc' dir='ltr'><strong><em>δὲ</em></strong></span> <span class='ocrx_word' id='word_1_13' title='bbox 400 623 499 706; x_wconf 85' lang='grc' dir='ltr'><strong><em>ἡμεῖς,</em></strong></span> <span class='ocrx_word' id='word_1_14' title='bbox 526 618 606 706; x_wconf 51' lang='grc' dir='ltr'><strong><em>παρ)</em></strong></span> <span class='ocrx_word' id='word_1_15' title='bbox 632 621 720 698; x_wconf 92' lang='grc' dir='ltr'><strong><em>ὅσοις</em></strong></span> <span class='ocrx_word' id='word_1_16' title='bbox 744 619 775 683; x_wconf 76' lang='grc' dir='ltr'><strong><em>οἱ</em></strong></span> <span class='ocrx_word' id='word_1_17' title='bbox 792 617 987 685; x_wconf 76' lang='grc' dir='ltr'><strong><em>παιδευταίῖ</em></strong></span> <span class='ocrx_word' id='word_1_18' title='bbox 1013 621 1074 684; x_wconf 80' lang='grc' dir='ltr'><strong><em>Καὶ</em></strong></span> <span class='ocrx_word' id='word_1_19' title='bbox 1097 623 1216 686; x_wconf 88' lang='grc' dir='ltr'><strong><em>πάλιν·</em></strong></span> <span class='ocrx_word' id='word_1_20' title='bbox 1242 624 1288 706; x_wconf 53' lang='grc' dir='ltr'><strong><em>,σὺ</em></strong></span> <span class='ocrx_word' id='word_1_21' title='bbox 1305 621 1361 688; x_wconf 83' lang='grc' dir='ltr'><strong><em>τὸν</em></strong></span> 
     </span>
     <span class='ocr_line' id='line_1_4' title="bbox 168 723 1360 816; baseline 0.002 -23"><span class='ocrx_word' id='word_1_22' title='bbox 168 723 318 816; x_wconf 72' lang='grc' dir='ltr'><em>Ξέρξην,</em></span> <span class='ocrx_word' id='word_1_23' title='bbox 349 729 436 813; x_wconf 78' lang='grc' dir='ltr'><strong><em>κάγὼ</em></strong></span> <span class='ocrx_word' id='word_1_24' title='bbox 461 727 516 793; x_wconf 80' lang='grc' dir='ltr'><strong><em>τὸν</em></strong></span> <span class='ocrx_word' id='word_1_25' title='bbox 540 736 656 811; x_wconf 82' lang='grc' dir='ltr'><em>Κῦρον,</em></span> <span class='ocrx_word' id='word_1_26' title='bbox 680 729 717 790; x_wconf 84' lang='grc' dir='ltr'><strong><em>σὺ</em></strong></span> <span class='ocrx_word' id='word_1_27' title='bbox 741 725 797 790; x_wconf 78' lang='grc' dir='ltr'><strong><em>τὸν</em></strong></span> <span class='ocrx_word' id='word_1_28' title='bbox 822 735 969 812; x_wconf 84' lang='grc' dir='ltr'><strong><em>Δάρῑεον,</em></strong></span> <span class='ocrx_word' id='word_1_29' title='bbox 1002 727 1090 812; x_wconf 77' lang='grc' dir='ltr'><strong><em>κάγὼ</em></strong></span> <span class='ocrx_word' id='word_1_30' title='bbox 1121 726 1178 791; x_wconf 82' lang='grc' dir='ltr'><strong><em>τὸν</em></strong></span> <span class='ocrx_word' id='word_1_31' title='bbox 1201 732 1360 815; x_wconf 59' lang='grc' dir='ltr'><strong><em>Κροῖσον.</em></strong></span> 
     </span>
    </p>

    <p class='ocr_par' dir='ltr' id='par_1_3' title="bbox 117 822 1360 1242">
     <span class='ocr_line' id='line_1_5' title="bbox 267 822 1359 920; baseline 0 -20"><span class='ocrx_word' id='word_1_32' title='bbox 267 822 332 919; x_wconf 64' lang='grc' dir='ltr'><strong><em>’δὴ</em></strong></span> <span class='ocrx_word' id='word_1_33' title='bbox 357 837 675 918; x_wconf 84' lang='lat' dir='ltr'>Anonymus:¹)</span> <span class='ocrx_word' id='word_1_34' title='bbox 714 830 934 920; x_wconf 78' lang='grc' dir='ltr'><strong><em>Ἔπαναιμορὰ</em></strong></span> <span class='ocrx_word' id='word_1_35' title='bbox 960 833 992 897; x_wconf 80' lang='grc' dir='ltr'><strong><em>δὲ</em></strong></span> <span class='ocrx_word' id='word_1_36' title='bbox 1019 835 1181 898; x_wconf 83' lang='grc' dir='ltr'><strong><em>πλειόνων</em></strong></span> <span class='ocrx_word' id='word_1_37' title='bbox 1204 837 1317 900; x_wconf 84' lang='grc' dir='ltr'><strong><em>κώλων</em></strong></span> <span class='ocrx_word' id='word_1_38' title='bbox 1341 836 1359 920; x_wconf 85' lang='grc' dir='ltr'><em>ἡ</em></span> 
     </span>
     <span class='ocr_line' id='line_1_6' title="bbox 189 939 1360 1029; baseline 0.003 -24"><span class='ocrx_word' id='word_1_39' title='bbox 189 943 342 1029; x_wconf 83' lang='grc' dir='ltr'><em>ῥημάτων</em></span> <span class='ocrx_word' id='word_1_40' title='bbox 366 940 434 1005; x_wconf 77' lang='grc' dir='ltr'><strong><em>ἀπὸ</em></strong></span> <span class='ocrx_word' id='word_1_41' title='bbox 459 954 515 1028; x_wconf 75' lang='grc' dir='ltr'><strong><em>τῆς</em></strong></span> <span class='ocrx_word' id='word_1_42' title='bbox 539 942 636 1028; x_wconf 71' lang='grc' dir='ltr'><strong><em>αὐτῆς</em></strong></span> <span class='ocrx_word' id='word_1_43' title='bbox 660 943 778 1021; x_wconf 76' lang='grc' dir='ltr'><strong><em>λέξειας</em></strong></span> <span class='ocrx_word' id='word_1_44' title='bbox 802 942 999 1027; x_wconf 88' lang='grc' dir='ltr'><em>ἀρχομένιαν,</em></span> <span class='ocrx_word' id='word_1_45' title='bbox 1024 939 1111 1006; x_wconf 92' lang='grc' dir='ltr'><strong><em>οίον·</em></strong></span> <span class='ocrx_word' id='word_1_46' title='bbox 1135 941 1279 1028; x_wconf 82' lang='grc' dir='ltr'><strong><em>Χριστὸς</em></strong></span> <span class='ocrx_word' id='word_1_47' title='bbox 1293 968 1360 1027; x_wconf 82' lang='grc' dir='ltr'><strong><em>χεν-</em></strong></span> 
     </span>
     <span class='ocr_line' id='line_1_7' title="bbox 188 1046 1360 1135; baseline 0.003 -23"><span class='ocrx_word' id='word_1_48' title='bbox 188 1060 292 1126; x_wconf 82' lang='grc' dir='ltr'><strong><em>νᾶται,</em></strong></span> <span class='ocrx_word' id='word_1_49' title='bbox 319 1048 487 1129; x_wconf 74' lang='grc' dir='ltr'><strong><em>δοξάσατε,</em></strong></span> <span class='ocrx_word' id='word_1_50' title='bbox 505 1046 647 1133; x_wconf 81' lang='grc' dir='ltr'><strong><em>Χριστὸς</em></strong></span> <span class='ocrx_word' id='word_1_51' title='bbox 664 1046 698 1128; x_wconf 76' lang='grc' dir='ltr'><strong><em>ἐξ</em></strong></span> <span class='ocrx_word' id='word_1_52' title='bbox 713 1049 868 1133; x_wconf 78' lang='grc' dir='ltr'><strong><em>οὐρανῶν,</em></strong></span> <span class='ocrx_word' id='word_1_53' title='bbox 887 1049 1103 1135; x_wconf 85' lang='grc' dir='ltr'><strong><em>ἀπαντήσατε.</em></strong></span> <span class='ocrx_word' id='word_1_54' title='bbox 1128 1050 1192 1112; x_wconf 84' lang='grc' dir='ltr'><strong><em>Καὶ</em></strong></span> <span class='ocrx_word' id='word_1_55' title='bbox 1209 1050 1360 1131; x_wconf 80' lang='grc' dir='ltr'><strong><em>ἀλλαχοῦ·</em></strong></span> 
     </span>
     <span class='ocr_line' id='line_1_8' title="bbox 117 1154 1360 1242; baseline 0.002 -23"><span class='ocrx_word' id='word_1_56' title='bbox 117 1174 121 1182; x_wconf 83' lang='grc'>·</span> <span class='ocrx_word' id='word_1_57' title='bbox 187 1161 220 1219; x_wconf 92' lang='grc' dir='ltr'><strong><em>τί</em></strong></span> <span class='ocrx_word' id='word_1_58' title='bbox 247 1157 338 1220; x_wconf 85' lang='grc' dir='ltr'><strong><em>λύετε</em></strong></span> <span class='ocrx_word' id='word_1_59' title='bbox 366 1158 459 1236; x_wconf 90' lang='grc' dir='ltr'><strong><em>τάξιν</em></strong></span> <span class='ocrx_word' id='word_1_60' title='bbox 489 1154 734 1240; x_wconf 73' lang='grc' dir='ltr'><em>ἐπαινουμένην,</em></span> <span class='ocrx_word' id='word_1_61' title='bbox 764 1159 796 1217; x_wconf 91' lang='grc' dir='ltr'><strong><em>τί</em></strong></span> <span class='ocrx_word' id='word_1_62' title='bbox 823 1155 981 1237; x_wconf 67' lang='grc' dir='ltr'><strong><em>βιάζεσθε</em></strong></span> <span class='ocrx_word' id='word_1_63' title='bbox 1004 1157 1151 1240; x_wconf 74' lang='grc' dir='ltr'><strong><em>γλῶσσαν</em></strong></span> <span class='ocrx_word' id='word_1_64' title='bbox 1176 1157 1263 1242; x_wconf 81' lang='grc' dir='ltr'><em>νόμῳ</em></span> <span class='ocrx_word' id='word_1_65' title='bbox 1289 1157 1360 1222; x_wconf 90' lang='grc' dir='ltr'><strong><em>δου-</em></strong></span> 
     </span>
    </p>
   </div>
   <div class='ocr_carea' id='block_1_3' title="bbox 185 1260 1360 2315">
    <p class='ocr_par' dir='ltr' id='par_1_4' title="bbox 187 1260 1360 1886">
     <span class='ocr_line' id='line_1_9' title="bbox 187 1260 1360 1350; baseline 0.003 -24"><span class='ocrx_word' id='word_1_66' title='bbox 187 1265 351 1328; x_wconf 85' lang='grc' dir='ltr'><strong><em>λεύουσαν.</em></strong></span> <span class='ocrx_word' id='word_1_67' title='bbox 386 1268 513 1327; x_wconf 86' lang='grc' dir='ltr'><strong><em>Γίνεται</em></strong></span> <span class='ocrx_word' id='word_1_68' title='bbox 538 1262 573 1326; x_wconf 83' lang='grc' dir='ltr'><strong><em>δὲ</em></strong></span> <span class='ocrx_word' id='word_1_69' title='bbox 595 1263 648 1325; x_wconf 82' lang='grc' dir='ltr'><strong><em>καὶ</em></strong></span> <span class='ocrx_word' id='word_1_70' title='bbox 665 1261 710 1325; x_wconf 73' lang='grc' dir='ltr'><strong><em>ἔτι</em></strong></span> <span class='ocrx_word' id='word_1_71' title='bbox 730 1261 937 1349; x_wconf 79' lang='grc' dir='ltr'><strong><em>έπαναιμαρά,</em></strong></span> <span class='ocrx_word' id='word_1_72' title='bbox 964 1260 1033 1327; x_wconf 88' lang='grc' dir='ltr'><strong><em>οίον</em></strong></span> <span class='ocrx_word' id='word_1_73' title='bbox 1055 1264 1111 1328; x_wconf 87' lang='grc' dir='ltr'><strong><em>τά·</em></strong></span> <span class='ocrx_word' id='word_1_74' title='bbox 1136 1265 1229 1350; x_wconf 84' lang='grc' dir='ltr'><strong><em>παρὰ</em></strong></span> <span class='ocrx_word' id='word_1_75' title='bbox 1249 1268 1360 1329; x_wconf 86' lang='grc' dir='ltr'><strong><em>τοσού-</em></strong></span> 
     </span>
     <span class='ocr_line' id='line_1_10' title="bbox 189 1367 1359 1458; baseline 0.001 -24"><span class='ocrx_word' id='word_1_76' title='bbox 189 1394 258 1448; x_wconf 88' lang='grc' dir='ltr'><strong><em>τοις</em></strong></span> <span class='ocrx_word' id='word_1_77' title='bbox 280 1371 341 1456; x_wconf 82' lang='grc' dir='ltr'><strong><em>χάρ</em></strong></span> <span class='ocrx_word' id='word_1_78' title='bbox 367 1369 398 1433; x_wconf 86' lang='grc' dir='ltr'><strong><em>οί</em></strong></span> <span class='ocrx_word' id='word_1_79' title='bbox 424 1370 572 1455; x_wconf 72' lang='grc' dir='ltr'><strong><em>ἡμέτεροι</em></strong></span> <span class='ocrx_word' id='word_1_80' title='bbox 598 1369 782 1447; x_wconf 88' lang='grc' dir='ltr'><strong><em>παιδευταί,</em></strong></span> <span class='ocrx_word' id='word_1_81' title='bbox 809 1375 887 1454; x_wconf 82' lang='grc' dir='ltr'><strong><em>παρ’</em></strong></span> <span class='ocrx_word' id='word_1_82' title='bbox 914 1370 1003 1448; x_wconf 90' lang='grc' dir='ltr'><strong><em>ὅσοις</em></strong></span> <span class='ocrx_word' id='word_1_83' title='bbox 1026 1367 1168 1458; x_wconf 74' lang='grc' dir='ltr'><strong><em>Ἆδὴναι,</em></strong></span> <span class='ocrx_word' id='word_1_84' title='bbox 1195 1372 1287 1457; x_wconf 83' lang='grc' dir='ltr'><strong><em>παρὰ</em></strong></span> <span class='ocrx_word' id='word_1_85' title='bbox 1308 1397 1359 1436; x_wconf 91' lang='grc' dir='ltr'><strong><em>το-</em></strong></span> 
     </span>
     <span class='ocr_line' id='line_1_11' title="bbox 189 1476 1359 1562; baseline 0.001 -20"><span class='ocrx_word' id='word_1_86' title='bbox 189 1482 317 1555; x_wconf 87' lang='grc' dir='ltr'><strong><em>σούτοις</em></strong></span> <span class='ocrx_word' id='word_1_87' title='bbox 341 1478 441 1562; x_wconf 88' lang='grc' dir='ltr'><strong><em>ἡμεῖς,</em></strong></span> <span class='ocrx_word' id='word_1_88' title='bbox 475 1479 567 1560; x_wconf 79' lang='grc' dir='ltr'><strong><em>παρὰ</em></strong></span> <span class='ocrx_word' id='word_1_89' title='bbox 600 1477 688 1553; x_wconf 86' lang='grc' dir='ltr'><strong><em>ὅσοις</em></strong></span> <span class='ocrx_word' id='word_1_90' title='bbox 712 1476 743 1540; x_wconf 82' lang='grc' dir='ltr'><strong><em>οί</em></strong></span> <span class='ocrx_word' id='word_1_91' title='bbox 768 1478 951 1544; x_wconf 87' lang='grc' dir='ltr'><strong><em>παιδευταί.</em></strong></span> <span class='ocrx_word' id='word_1_92' title='bbox 985 1483 1112 1543; x_wconf 86' lang='grc' dir='ltr'><strong><em>Γίνεται</em></strong></span> <span class='ocrx_word' id='word_1_93' title='bbox 1145 1482 1246 1543; x_wconf 88' lang='grc' dir='ltr'><strong><em>πάλιν</em></strong></span> <span class='ocrx_word' id='word_1_94' title='bbox 1280 1477 1359 1543; x_wconf 77' lang='grc' dir='ltr'><strong><em>ε’·πα-</em></strong></span> 
     </span>
     <span class='ocr_line' id='line_1_12' title="bbox 190 1583 1359 1674; baseline 0.001 -25"><span class='ocrx_word' id='word_1_95' title='bbox 190 1589 328 1671; x_wconf 82' lang='grc' dir='ltr'><em>ναηνορά,</em></span> <span class='ocrx_word' id='word_1_96' title='bbox 344 1587 398 1650; x_wconf 84' lang='grc' dir='ltr'><strong><em>καὶ</em></strong></span> <span class='ocrx_word' id='word_1_97' title='bbox 415 1585 542 1670; x_wconf 85' lang='grc' dir='ltr'><strong><em>ὅταντὴ</em></strong></span> <span class='ocrx_word' id='word_1_98' title='bbox 558 1585 699 1669; x_wconf 82' lang='grc' dir='ltr'><strong><em>ἀρχούσῃ</em></strong></span> <span class='ocrx_word' id='word_1_99' title='bbox 713 1586 796 1666; x_wconf 80' lang='grc' dir='ltr'><strong><em>λέξει</em></strong></span> <span class='ocrx_word' id='word_1_100' title='bbox 813 1583 920 1670; x_wconf 72' lang='grc' dir='ltr'><strong><em>ἕτεραι</em></strong></span> <span class='ocrx_word' id='word_1_101' title='bbox 935 1585 1185 1669; x_wconf 85' lang='grc' dir='ltr'><strong><em>ίσοδαναμοῦσαι</em></strong></span> <span class='ocrx_word' id='word_1_102' title='bbox 1198 1588 1359 1674; x_wconf 63' lang='lat' dir='ltr'>inarato</span> 
     </span>
     <span class='ocr_line' id='line_1_13' title="bbox 190 1688 1359 1781; baseline 0.003 -27"><span class='ocrx_word' id='word_1_103' title='bbox 190 1690 246 1754; x_wconf 77' lang='grc' dir='ltr'><strong><em>ἐπὶ</em></strong></span> <span class='ocrx_word' id='word_1_104' title='bbox 269 1704 333 1754; x_wconf 85' lang='grc' dir='ltr'><strong><em>τῶν</em></strong></span> <span class='ocrx_word' id='word_1_105' title='bbox 358 1692 610 1769; x_wconf 81' lang='grc' dir='ltr'><strong><em>ἀλλωνκώλιαν,</em></strong></span> <span class='ocrx_word' id='word_1_106' title='bbox 637 1688 725 1754; x_wconf 84' lang='grc' dir='ltr'><strong><em>οίον·</em></strong></span> <span class='ocrx_word' id='word_1_107' title='bbox 755 1692 770 1775; x_wconf 86' lang='grc' dir='ltr'><em>ἡ</em></span> <span class='ocrx_word' id='word_1_108' title='bbox 796 1690 829 1781; x_wconf 75' lang='grc' dir='ltr'><strong><em>έν</em></strong></span> <span class='ocrx_word' id='word_1_109' title='bbox 854 1703 910 1779; x_wconf 81' lang='grc' dir='ltr'><strong><em>τὴς</em></strong></span> <span class='ocrx_word' id='word_1_110' title='bbox 934 1693 1036 1780; x_wconf 86' lang='grc' dir='ltr'><strong><em>ἀρχὴς</em></strong></span> <span class='ocrx_word' id='word_1_111' title='bbox 1060 1694 1152 1780; x_wconf 85' lang='grc' dir='ltr'><em>άρχὴ,</em></span> <span class='ocrx_word' id='word_1_112' title='bbox 1182 1692 1218 1757; x_wconf 77' lang='grc' dir='ltr'><strong><em>τι)</em></strong></span> <span class='ocrx_word' id='word_1_113' title='bbox 1244 1692 1298 1757; x_wconf 83' lang='grc' dir='ltr'><strong><em>έκτ</em></strong></span> <span class='ocrx_word' id='word_1_114' title='bbox 1321 1706 1359 1758; x_wconf 86' lang='grc' dir='ltr'><strong><em>οῦ</em></strong></span> 
     </span>
     <span class='ocr_line' id='line_1_14' title="bbox 192 1796 1357 1886; baseline 0.009 -30"><span class='ocrx_word' id='word_1_115' title='bbox 192 1796 302 1881; x_wconf 81' lang='grc' dir='ltr'><strong><em>ιμιατδς</em></strong></span> <span class='ocrx_word' id='word_1_116' title='bbox 326 1809 405 1881; x_wconf 81' lang='grc' dir='ltr'><strong><em>ηιῖις.</em></strong></span> <span class='ocrx_word' id='word_1_117' title='bbox 438 1799 499 1861; x_wconf 78' lang='grc' dir='ltr'><strong><em>Καὶ</em></strong></span> <span class='ocrx_word' id='word_1_118' title='bbox 523 1797 588 1861; x_wconf 78' lang='grc' dir='ltr'><strong><em>ένϊ</em></strong></span> <span class='ocrx_word' id='word_1_119' title='bbox 613 1796 629 1861; x_wconf 79' lang='grc' dir='ltr'><strong><em>ὅ</em></strong></span> <span class='ocrx_word' id='word_1_120' title='bbox 651 1799 792 1882; x_wconf 83' lang='grc' dir='ltr'><strong><em>ἀόρατος</em></strong></span> <span class='ocrx_word' id='word_1_121' title='bbox 808 1796 934 1885; x_wconf 85' lang='grc' dir='ltr'><strong><em>δρᾶται,</em></strong></span> <span class='ocrx_word' id='word_1_122' title='bbox 960 1797 977 1862; x_wconf 82' lang='grc' dir='ltr'>ὁ</span> <span class='ocrx_word' id='word_1_123' title='bbox 1003 1799 1130 1886; x_wconf 82' lang='grc' dir='ltr'><strong><em>ἀναιμὴς</em></strong></span> <span class='ocrx_word' id='word_1_124' title='bbox 1154 1801 1357 1886; x_wconf 73' lang='grc' dir='ltr'><strong><em>ψηλαφᾶται.</em></strong></span> 
     </span>
    </p>

    <p class='ocr_par' dir='ltr' id='par_1_5' title="bbox 185 1902 1358 2315">
     <span class='ocr_line' id='line_1_15' title="bbox 295 1902 1340 1995; baseline 0.002 -27"><span class='ocrx_word' id='word_1_125' title='bbox 295 1904 319 1987; x_wconf 86' lang='lat' dir='ltr'><strong><em>i)</em></strong></span> <span class='ocrx_word' id='word_1_126' title='bbox 342 1905 537 1993; x_wconf 83' lang='lat' dir='ltr'>Ioannes</span> <span class='ocrx_word' id='word_1_127' title='bbox 568 1905 805 1991; x_wconf 82' lang='lat' dir='ltr'>Sioulus:²)</span> <span class='ocrx_word' id='word_1_128' title='bbox 844 1902 1064 1993; x_wconf 77' lang='grc' dir='ltr'><strong><em>Ἐπαναιμορὰ</em></strong></span> <span class='ocrx_word' id='word_1_129' title='bbox 1097 1906 1132 1970; x_wconf 80' lang='grc' dir='ltr'><strong><em>δὲ</em></strong></span> <span class='ocrx_word' id='word_1_130' title='bbox 1161 1906 1179 1990; x_wconf 84' lang='grc' dir='ltr'><em>ἡ</em></span> <span class='ocrx_word' id='word_1_131' title='bbox 1209 1905 1276 1970; x_wconf 82' lang='grc' dir='ltr'><strong><em>ἀπὸ</em></strong></span> <span class='ocrx_word' id='word_1_132' title='bbox 1301 1919 1340 1995; x_wconf 76' lang='grc' dir='ltr'><strong><em>τη</em></strong></span> 
     </span>
     <span class='ocr_line' id='line_1_16' title="bbox 188 2010 1357 2101; baseline 0.004 -28"><span class='ocrx_word' id='word_1_133' title='bbox 188 2010 286 2097; x_wconf 76' lang='grc' dir='ltr'><strong><em>αὐτῆς</em></strong></span> <span class='ocrx_word' id='word_1_134' title='bbox 309 2012 427 2092; x_wconf 76' lang='grc' dir='ltr'><strong><em>λέξειας</em></strong></span> <span class='ocrx_word' id='word_1_135' title='bbox 450 2012 611 2098; x_wconf 80' lang='grc' dir='ltr'><em>ἀρχομένη</em></span> <span class='ocrx_word' id='word_1_136' title='bbox 637 2015 798 2091; x_wconf 89' lang='grc' dir='ltr'><strong><em>πολλάκις</em></strong></span> <span class='ocrx_word' id='word_1_137' title='bbox 822 2013 979 2099; x_wconf 87' lang='grc' dir='ltr'><strong><em>περίοδος</em></strong></span> <span class='ocrx_word' id='word_1_138' title='bbox 1001 2013 1020 2098; x_wconf 85' lang='grc' dir='ltr'><em>ἡ</em></span> <span class='ocrx_word' id='word_1_139' title='bbox 1045 2015 1219 2101; x_wconf 73' lang='grc' dir='ltr'><strong><em>συλλαβῆς·</em></strong></span> <span class='ocrx_word' id='word_1_140' title='bbox 1243 2016 1357 2078; x_wconf 84' lang='grc' dir='ltr'><strong><em>συλλα-</em></strong></span> 
     </span>
     <span class='ocr_line' id='line_1_17' title="bbox 185 2115 1356 2208; baseline 0.004 -28"><span class='ocrx_word' id='word_1_141' title='bbox 185 2121 244 2203; x_wconf 80' lang='grc' dir='ltr'><strong><em>βὴς</em></strong></span> <span class='ocrx_word' id='word_1_142' title='bbox 258 2118 325 2199; x_wconf 80' lang='grc' dir='ltr'><em>μὲν,</em></span> <span class='ocrx_word' id='word_1_143' title='bbox 351 2124 383 2181; x_wconf 89' lang='grc' dir='ltr'><strong><em>τί</em></strong></span> <span class='ocrx_word' id='word_1_144' title='bbox 407 2120 496 2182; x_wconf 83' lang='grc' dir='ltr'><strong><em>λύετε</em></strong></span> <span class='ocrx_word' id='word_1_145' title='bbox 521 2122 614 2198; x_wconf 86' lang='grc' dir='ltr'><strong><em>τάξιν</em></strong></span> <span class='ocrx_word' id='word_1_146' title='bbox 636 2118 888 2205; x_wconf 71' lang='grc' dir='ltr'><strong><em>ἐπαινουμένην,</em></strong></span> <span class='ocrx_word' id='word_1_147' title='bbox 914 2126 944 2184; x_wconf 83' lang='grc' dir='ltr'><strong><em>τί</em></strong></span> <span class='ocrx_word' id='word_1_148' title='bbox 959 2120 1088 2204; x_wconf 80' lang='grc' dir='ltr'><strong><em>βιάζετε</em></strong></span> <span class='ocrx_word' id='word_1_149' title='bbox 1105 2115 1251 2205; x_wconf 72' lang='grc' dir='ltr'><strong><em>γλῶσσαν</em></strong></span> <span class='ocrx_word' id='word_1_150' title='bbox 1269 2122 1356 2208; x_wconf 78' lang='grc' dir='ltr'><em>νόμην</em></span> 
     </span>
     <span class='ocr_line' id='line_1_18' title="bbox 188 2223 1358 2315; baseline 0.004 -28"><span class='ocrx_word' id='word_1_151' title='bbox 188 2223 418 2303; x_wconf 70' lang='grc' dir='ltr'><strong><em>δουλεύουσαν,</em></strong></span> <span class='ocrx_word' id='word_1_152' title='bbox 442 2228 561 2306; x_wconf 82' lang='grc' dir='ltr'><strong><em>λέξειας</em></strong></span> <span class='ocrx_word' id='word_1_153' title='bbox 586 2227 638 2291; x_wconf 86' lang='grc' dir='ltr'><strong><em>δέ·</em></strong></span> <span class='ocrx_word' id='word_1_154' title='bbox 673 2227 816 2312; x_wconf 77' lang='grc' dir='ltr'><strong><em>Χριστὸς</em></strong></span> <span class='ocrx_word' id='word_1_155' title='bbox 839 2240 998 2311; x_wconf 64' lang='grc' dir='ltr'><strong><em>γεννᾶται,</em></strong></span> <span class='ocrx_word' id='word_1_156' title='bbox 1026 2229 1188 2308; x_wconf 84' lang='grc' dir='ltr'><strong><em>δοξάσετε,</em></strong></span> <span class='ocrx_word' id='word_1_157' title='bbox 1215 2230 1358 2315; x_wconf 85' lang='grc' dir='ltr'><strong><em>Χριστὸς</em></strong></span> 
     </span>
    </p>
   </div>
   <div class='ocr_carea' id='block_1_4' title="bbox 185 2439 1357 2737">
    <p class='ocr_par' dir='ltr' id='par_1_6' title="bbox 185 2439 1357 2737">
     <span class='ocr_line' id='line_1_19' title="bbox 185 2439 1357 2529; baseline 0.004 -29"><span class='ocrx_word' id='word_1_158' title='bbox 185 2439 302 2516; x_wconf 82' lang='grc' dir='ltr'><strong><em>λέξειας</em></strong></span> <span class='ocrx_word' id='word_1_159' title='bbox 327 2441 507 2522; x_wconf 74' lang='grc' dir='ltr'><em>ἀρχομενην</em></span> <span class='ocrx_word' id='word_1_160' title='bbox 532 2444 717 2523; x_wconf 76' lang='grc' dir='ltr'><strong><em>ντροιμσράν,</em></strong></span> <span class='ocrx_word' id='word_1_161' title='bbox 730 2445 757 2523; x_wconf 30' lang='grc'><strong><em>3,)</em></strong></span> <span class='ocrx_word' id='word_1_162' title='bbox 781 2440 838 2523; x_wconf 84' lang='grc' dir='ltr'><strong><em>τὴν</em></strong></span> <span class='ocrx_word' id='word_1_163' title='bbox 860 2440 959 2525; x_wconf 78' lang='grc' dir='ltr'><strong><em>αάτὴν</em></strong></span> <span class='ocrx_word' id='word_1_164' title='bbox 977 2441 1146 2524; x_wconf 77' lang='grc' dir='ltr'><strong><em>τοῦλόγου</em></strong></span> <span class='ocrx_word' id='word_1_165' title='bbox 1165 2439 1181 2522; x_wconf 84' lang='grc' dir='ltr'><em>ἡ</em></span> <span class='ocrx_word' id='word_1_166' title='bbox 1199 2443 1357 2529; x_wconf 72' lang='grc' dir='ltr'><strong><em>συλλαβῆς</em></strong></span> 
     </span>
     <span class='ocr_line' id='line_1_20' title="bbox 185 2543 944 2631; baseline 0.005 -25"><span class='ocrx_word' id='word_1_167' title='bbox 185 2543 402 2628; x_wconf 76' lang='grc' dir='ltr'><strong><em>ἐπαναφοράν</em></strong></span> <span class='ocrx_word' id='word_1_168' title='bbox 427 2548 617 2624; x_wconf 77' lang='grc' dir='ltr'><strong><em>νομίσιαμεν,</em></strong></span> <span class='ocrx_word' id='word_1_169' title='bbox 644 2546 700 2607; x_wconf 72' lang='grc' dir='ltr'><strong><em>οὐκ</em></strong></span> <span class='ocrx_word' id='word_1_170' title='bbox 725 2544 944 2631; x_wconf 73' lang='grc' dir='ltr'><strong><em>έπανάληηνιν.</em></strong></span> 
     </span>
     <span class='ocr_line' id='line_1_21' title="bbox 291 2649 1355 2737; baseline 0.007 -23"><span class='ocrx_word' id='word_1_171' title='bbox 291 2653 328 2735; x_wconf 83' lang='lat' dir='ltr'><strong><em>k)</em></strong></span> <span class='ocrx_word' id='word_1_172' title='bbox 354 2649 578 2732; x_wconf 83' lang='lat' dir='ltr'>Gregorius</span> <span class='ocrx_word' id='word_1_173' title='bbox 605 2649 841 2737; x_wconf 82' lang='lat' dir='ltr'>Corinthius</span> <span class='ocrx_word' id='word_1_174' title='bbox 871 2655 1066 2733; x_wconf 86' lang='lat' dir='ltr'>anaphoras</span> <span class='ocrx_word' id='word_1_175' title='bbox 1094 2671 1165 2720; x_wconf 95' lang='lat' dir='ltr'><strong><em>non</em></strong></span> <span class='ocrx_word' id='word_1_176' title='bbox 1194 2657 1355 2737; x_wconf 87' lang='lat' dir='ltr'><strong>disponit.</strong></span> 
     </span>
    </p>
   </div>
   <div class='ocr_carea' id='block_1_5' title="bbox 268 2859 1272 2949">
    <p class='ocr_par' dir='ltr' id='par_1_7' title="bbox 268 2859 1272 2949">
     <span class='ocr_line' id='line_1_22' title="bbox 268 2859 1272 2949; baseline 0.004 -17"><span class='ocrx_word' id='word_1_177' title='bbox 268 2870 300 2949; x_wconf 81' lang='lat' dir='ltr'><strong><em>y)</em></strong></span> <span class='ocrx_word' id='word_1_178' title='bbox 332 2863 450 2943; x_wconf 89' lang='lat' dir='ltr'>Quas</span> <span class='ocrx_word' id='word_1_179' title='bbox 480 2865 642 2933; x_wconf 79' lang='lat' dir='ltr'>Graeci</span> <span class='ocrx_word' id='word_1_180' title='bbox 673 2859 924 2934; x_wconf 85' lang='lat' dir='ltr'>habuerint</span> <span class='ocrx_word' id='word_1_181' title='bbox 954 2870 1272 2936; x_wconf 78' lang='lat' dir='ltr'>definitiones</span> 
     </span>
    </p>
   </div>
   <div class='ocr_carea' id='block_1_6' title="bbox 180 3009 1355 3847">
    <p class='ocr_par' dir='ltr' id='par_1_8' title="bbox 290 3009 1127 3092">
     <span class='ocr_line' id='line_1_23' title="bbox 290 3009 1127 3092; baseline 0.008 -20"><span class='ocrx_word' id='word_1_182' title='bbox 290 3011 323 3092; x_wconf 83' lang='lat' dir='ltr'><strong><em>a)</em></strong></span> <span class='ocrx_word' id='word_1_183' title='bbox 347 3009 631 3078; x_wconf 81' lang='lat' dir='ltr'>Demetrius:</span> <span class='ocrx_word' id='word_1_184' title='bbox 657 3012 895 3077; x_wconf 86' lang='lat' dir='ltr'>definitionem</span> <span class='ocrx_word' id='word_1_185' title='bbox 920 3014 1127 3079; x_wconf 88' lang='lat' dir='ltr'>nonhabet</span> 
     </span>
    </p>

    <p class='ocr_par' dir='ltr' id='par_1_9' title="bbox 181 3113 1355 3314">
     <span class='ocr_line' id='line_1_24' title="bbox 288 3113 1355 3205; baseline 0.007 -27"><span class='ocrx_word' id='word_1_186' title='bbox 288 3116 323 3199; x_wconf 90' lang='lat' dir='ltr'><strong><em>b)</em></strong></span> <span class='ocrx_word' id='word_1_187' title='bbox 348 3114 664 3201; x_wconf 73' lang='lat' dir='ltr'>Alexander:⁴)</span> <span class='ocrx_word' id='word_1_188' title='bbox 698 3113 919 3205; x_wconf 80' lang='grc' dir='ltr'><strong><em>Ἐπαναφορά</em></strong></span> <span class='ocrx_word' id='word_1_189' title='bbox 949 3116 1044 3198; x_wconf 82' lang='grc' dir='ltr'><strong><em>ἐστιν,</em></strong></span> <span class='ocrx_word' id='word_1_190' title='bbox 1076 3119 1180 3184; x_wconf 91' lang='grc' dir='ltr'><strong><em>ὅταν</em></strong></span> <span class='ocrx_word' id='word_1_191' title='bbox 1205 3121 1355 3185; x_wconf 77' lang='grc' dir='ltr'><em>ἀπὸτοῦ</em></span> 
     </span>
     <span class='ocr_line' id='line_1_25' title="bbox 181 3220 1354 3314; baseline 0.008 -29"><span class='ocrx_word' id='word_1_192' title='bbox 181 3222 280 3285; x_wconf 85' lang='grc' dir='ltr'><strong><em>αὐτοῦ</em></strong></span> <span class='ocrx_word' id='word_1_193' title='bbox 304 3220 469 3302; x_wconf 80' lang='grc' dir='ltr'><strong><em>κόμματος</em></strong></span> <span class='ocrx_word' id='word_1_194' title='bbox 493 3221 567 3305; x_wconf 80' lang='lat' dir='ltr'><em>(Sp.</em></span> <span class='ocrx_word' id='word_1_195' title='bbox 589 3220 762 3302; x_wconf 85' lang='grc' dir='ltr'><strong><em>ὀνόματος)</em></strong></span> <span class='ocrx_word' id='word_1_196' title='bbox 787 3224 844 3287; x_wconf 85' lang='grc' dir='ltr'><strong><em>δύο</em></strong></span> <span class='ocrx_word' id='word_1_197' title='bbox 869 3223 887 3307; x_wconf 85' lang='grc' dir='ltr'><em>ἡ</em></span> <span class='ocrx_word' id='word_1_198' title='bbox 905 3226 1010 3289; x_wconf 88' lang='grc' dir='ltr'><strong><em>πλείω</em></strong></span> <span class='ocrx_word' id='word_1_199' title='bbox 1035 3228 1124 3290; x_wconf 83' lang='grc' dir='ltr'><strong><em>κῶλα</em></strong></span> <span class='ocrx_word' id='word_1_200' title='bbox 1149 3227 1198 3312; x_wconf 91' lang='grc' dir='ltr'><strong><em>ἀρ</em></strong></span> <span class='ocrx_word' id='word_1_201' title='bbox 1210 3251 1354 3314; x_wconf 88' lang='grc' dir='ltr'><strong><em>χηται.</em></strong></span> 
     </span>
    </p>

    <p class='ocr_par' dir='ltr' id='par_1_10' title="bbox 289 3327 1164 3413">
     <span class='ocr_line' id='line_1_26' title="bbox 289 3327 1164 3413; baseline 0.006 -20"><span class='ocrx_word' id='word_1_202' title='bbox 289 3331 319 3413; x_wconf 85' lang='grc' dir='ltr'><strong><em>υ)</em></strong></span> <span class='ocrx_word' id='word_1_203' title='bbox 344 3327 675 3409; x_wconf 85' lang='lat' dir='ltr'>Hermogenes:</span> <span class='ocrx_word' id='word_1_204' title='bbox 700 3333 914 3411; x_wconf 85' lang='lat' dir='ltr'>anaphoram</span> <span class='ocrx_word' id='word_1_205' title='bbox 938 3348 1008 3395; x_wconf 92' lang='lat' dir='ltr'><strong><em>non</em></strong></span> <span class='ocrx_word' id='word_1_206' title='bbox 1033 3333 1164 3398; x_wconf 88' lang='lat' dir='ltr'>definit.</span> 
     </span>
    </p>

    <p class='ocr_par' dir='ltr' id='par_1_11' title="bbox 181 3431 1353 3633">
     <span class='ocr_line' id='line_1_27' title="bbox 288 3431 1353 3523; baseline 0.005 -24"><span class='ocrx_word' id='word_1_207' title='bbox 288 3436 322 3521; x_wconf 84' lang='lat' dir='ltr'><strong><em>d)</em></strong></span> <span class='ocrx_word' id='word_1_208' title='bbox 346 3435 617 3520; x_wconf 77' lang='lat' dir='ltr'>Tiberius:⁶)</span> <span class='ocrx_word' id='word_1_209' title='bbox 648 3431 868 3523; x_wconf 71' lang='grc' dir='ltr'><strong><em>Ἔπαναιμορὰ</em></strong></span> <span class='ocrx_word' id='word_1_210' title='bbox 898 3436 934 3500; x_wconf 90' lang='grc' dir='ltr'><strong><em>δέ</em></strong></span> <span class='ocrx_word' id='word_1_211' title='bbox 958 3435 1053 3516; x_wconf 79' lang='grc' dir='ltr'><strong><em>ἐστιν,</em></strong></span> <span class='ocrx_word' id='word_1_212' title='bbox 1083 3437 1187 3502; x_wconf 92' lang='grc' dir='ltr'><strong><em>ὅταν</em></strong></span> <span class='ocrx_word' id='word_1_213' title='bbox 1217 3439 1274 3504; x_wconf 84' lang='grc' dir='ltr'><strong><em>δύο</em></strong></span> <span class='ocrx_word' id='word_1_214' title='bbox 1298 3444 1353 3504; x_wconf 85' lang='grc' dir='ltr'><strong><em>καί</em></strong></span> 
     </span>
     <span class='ocr_line' id='line_1_28' title="bbox 181 3540 1352 3633; baseline 0.009 -29"><span class='ocrx_word' id='word_1_215' title='bbox 181 3540 342 3605; x_wconf 85' lang='grc' dir='ltr'><strong><em>πλειόνων</em></strong></span> <span class='ocrx_word' id='word_1_216' title='bbox 375 3543 488 3605; x_wconf 84' lang='grc' dir='ltr'><strong><em>κώλων</em></strong></span> <span class='ocrx_word' id='word_1_217' title='bbox 520 3543 671 3624; x_wconf 85' lang='grc' dir='ltr'><strong><em>κόμματα</em></strong></span> <span class='ocrx_word' id='word_1_218' title='bbox 703 3543 771 3606; x_wconf 78' lang='grc' dir='ltr'><strong><em>ἀπὸ</em></strong></span> <span class='ocrx_word' id='word_1_219' title='bbox 805 3557 862 3632; x_wconf 83' lang='grc' dir='ltr'><strong><em>τὴς</em></strong></span> <span class='ocrx_word' id='word_1_220' title='bbox 886 3546 985 3632; x_wconf 83' lang='grc' dir='ltr'><strong><em>αάτὴς</em></strong></span> <span class='ocrx_word' id='word_1_221' title='bbox 1009 3546 1127 3626; x_wconf 83' lang='grc' dir='ltr'><strong><em>λέξειας</em></strong></span> <span class='ocrx_word' id='word_1_222' title='bbox 1151 3546 1352 3633; x_wconf 84' lang='grc' dir='ltr'><strong><em>ἀρχηταε.</em></strong></span> 
     </span>
    </p>

    <p class='ocr_par' dir='ltr' id='par_1_12' title="bbox 180 3649 1352 3847">
     <span class='ocr_line' id='line_1_29' title="bbox 287 3649 1352 3740; baseline 0.003 -25"><span class='ocrx_word' id='word_1_223' title='bbox 287 3651 320 3734; x_wconf 84' lang='grc' dir='ltr'><strong><em>θ)</em></strong></span> <span class='ocrx_word' id='word_1_224' title='bbox 344 3649 702 3736; x_wconf 68' lang='grc' dir='ltr'><strong><em>Ρδοθῦαωῐηοῖθ)</em></strong></span> <span class='ocrx_word' id='word_1_225' title='bbox 729 3655 948 3739; x_wconf 80' lang='grc' dir='ltr'><strong><em>Ἐπαναιμορὰ</em></strong></span> <span class='ocrx_word' id='word_1_226' title='bbox 973 3653 1010 3717; x_wconf 90' lang='grc' dir='ltr'><strong><em>δέ</em></strong></span> <span class='ocrx_word' id='word_1_227' title='bbox 1034 3651 1128 3732; x_wconf 77' lang='grc' dir='ltr'><strong><em>ἐστιν,</em></strong></span> <span class='ocrx_word' id='word_1_228' title='bbox 1154 3658 1172 3740; x_wconf 85' lang='grc' dir='ltr'><em>ἡ</em></span> <span class='ocrx_word' id='word_1_229' title='bbox 1197 3655 1252 3718; x_wconf 79' lang='grc' dir='ltr'><strong><em>καὶ</em></strong></span> <span class='ocrx_word' id='word_1_230' title='bbox 1276 3654 1352 3718; x_wconf 89' lang='grc' dir='ltr'><strong><em>ἀνα-</em></strong></span> 
     </span>
     <span class='ocr_line' id='line_1_30' title="bbox 180 3755 1352 3847; baseline 0.003 -25"><span class='ocrx_word' id='word_1_231' title='bbox 180 3755 277 3845; x_wconf 84' lang='grc' dir='ltr'><em>φορά,</em></span> <span class='ocrx_word' id='word_1_232' title='bbox 302 3756 465 3822; x_wconf 86' lang='grc' dir='ltr'><strong><em>πλειόνων</em></strong></span> <span class='ocrx_word' id='word_1_233' title='bbox 494 3762 612 3838; x_wconf 88' lang='grc' dir='ltr'><strong><em>στίχων</em></strong></span> <span class='ocrx_word' id='word_1_234' title='bbox 638 3755 655 3840; x_wconf 86' lang='grc' dir='ltr'><em>ἡ</em></span> <span class='ocrx_word' id='word_1_235' title='bbox 680 3759 793 3821; x_wconf 88' lang='grc' dir='ltr'><strong><em>κώλιαν</em></strong></span> <span class='ocrx_word' id='word_1_236' title='bbox 827 3759 895 3824; x_wconf 80' lang='grc' dir='ltr'><strong><em>ἀπὸ</em></strong></span> <span class='ocrx_word' id='word_1_237' title='bbox 931 3773 993 3824; x_wconf 80' lang='grc' dir='ltr'><strong><em>τῶν</em></strong></span> <span class='ocrx_word' id='word_1_238' title='bbox 1028 3761 1134 3824; x_wconf 79' lang='grc' dir='ltr'><strong><em>αὐτῶν</em></strong></span> <span class='ocrx_word' id='word_1_239' title='bbox 1167 3773 1226 3825; x_wconf 80' lang='grc' dir='ltr'><strong><em>τοῦ</em></strong></span> <span class='ocrx_word' id='word_1_240' title='bbox 1254 3761 1352 3847; x_wconf 80' lang='grc' dir='ltr'><strong><em>λάχου</em></strong></span> 
     </span>
    </p>
   </div>
   <div class='ocr_carea' id='block_1_7' title="bbox 282 3936 938 4454">
    <p class='ocr_par' dir='ltr' id='par_1_13' title="bbox 284 3936 688 4098">
     <span class='ocr_line' id='line_1_31' title="bbox 285 3936 688 4008; baseline 0.002 -15"><span class='ocrx_word' id='word_1_241' title='bbox 285 3936 308 4004; x_wconf 89' lang='lat'><strong><em>¹)</em></strong></span> <span class='ocrx_word' id='word_1_242' title='bbox 328 3938 372 3993; x_wconf 89' lang='lat' dir='ltr'><strong><em>W.</em></strong></span> <span class='ocrx_word' id='word_1_243' title='bbox 392 3939 461 3994; x_wconf 88' lang='lat' dir='ltr'>VIII</span> <span class='ocrx_word' id='word_1_244' title='bbox 480 3957 506 4008; x_wconf 88' lang='lat' dir='ltr'><strong><em>p.</em></strong></span> <span class='ocrx_word' id='word_1_245' title='bbox 526 3940 578 3995; x_wconf 80' lang='lat'><strong><em>705</em></strong></span> <span class='ocrx_word' id='word_1_246' title='bbox 597 3957 624 3995; x_wconf 82' lang='lat' dir='ltr'><strong><em>v.</em></strong></span> <span class='ocrx_word' id='word_1_247' title='bbox 643 3939 688 3994; x_wconf 77' lang='lat'><strong><em>23.</em></strong></span> 
     </span>
     <span class='ocr_line' id='line_1_32' title="bbox 284 4022 659 4098; baseline 0.013 -19"><span class='ocrx_word' id='word_1_248' title='bbox 284 4022 659 4098; x_wconf 47' lang='lat' dir='ltr'><strong><em>&amp;WWWan</em></strong></span> 
     </span>
    </p>

    <p class='ocr_par' dir='ltr' id='par_1_14' title="bbox 283 4106 938 4276">
     <span class='ocr_line' id='line_1_33' title="bbox 283 4106 938 4194; baseline 0.008 -25"><span class='ocrx_word' id='word_1_249' title='bbox 283 4112 307 4175; x_wconf 66' lang='grc' dir='ltr'><strong><em>Βι</em></strong></span> <span class='ocrx_word' id='word_1_250' title='bbox 327 4114 455 4183; x_wconf 86' lang='lat' dir='ltr'>Sequitur</span> <span class='ocrx_word' id='word_1_251' title='bbox 473 4115 502 4170; x_wconf 90' lang='lat' dir='ltr'><strong><em>in</em></strong></span> <span class='ocrx_word' id='word_1_252' title='bbox 520 4116 601 4172; x_wconf 86' lang='lat' dir='ltr'>Vind.</span> <span class='ocrx_word' id='word_1_253' title='bbox 621 4119 685 4175; x_wconf 85' lang='lat' dir='ltr'>Par.</span> <span class='ocrx_word' id='word_1_254' title='bbox 712 4106 938 4194; x_wconf 82' lang='grc' dir='ltr'><strong><em>έπαναφοράν.</em></strong></span> 
     </span>
     <span class='ocr_line' id='line_1_34' title="bbox 283 4203 867 4276; baseline 0.005 -16"><span class='ocrx_word' id='word_1_255' title='bbox 283 4203 307 4273; x_wconf 80' lang='lat'><strong><em>⁴)</em></strong></span> <span class='ocrx_word' id='word_1_256' title='bbox 329 4205 371 4260; x_wconf 92' lang='lat' dir='ltr'><strong><em>W.</em></strong></span> <span class='ocrx_word' id='word_1_257' title='bbox 391 4204 462 4259; x_wconf 90' lang='lat' dir='ltr'>VIII</span> <span class='ocrx_word' id='word_1_258' title='bbox 481 4204 541 4272; x_wconf 79' lang='lat'>446,</span> <span class='ocrx_word' id='word_1_259' title='bbox 562 4206 612 4275; x_wconf 76' lang='lat'><strong><em>123</em></strong></span> <span class='ocrx_word' id='word_1_260' title='bbox 632 4208 675 4276; x_wconf 85' lang='lat' dir='ltr'><strong><em>Sp.</em></strong></span> <span class='ocrx_word' id='word_1_261' title='bbox 696 4207 867 4274; x_wconf 81' lang='lat'>11120,29.</span> 
     </span>
    </p>

    <p class='ocr_par' dir='ltr' id='par_1_15' title="bbox 282 4292 857 4363">
     <span class='ocr_line' id='line_1_35' title="bbox 282 4292 857 4363; baseline 0.007 -15"><span class='ocrx_word' id='word_1_262' title='bbox 282 4292 306 4358; x_wconf 68' lang='lat'><strong><em>⁶)</em></strong></span> <span class='ocrx_word' id='word_1_263' title='bbox 326 4293 370 4349; x_wconf 89' lang='lat' dir='ltr'><strong><em>W.</em></strong></span> <span class='ocrx_word' id='word_1_264' title='bbox 391 4293 461 4350; x_wconf 90' lang='lat' dir='ltr'>VIII</span> <span class='ocrx_word' id='word_1_265' title='bbox 479 4293 539 4347; x_wconf 82' lang='lat'><strong>558.</strong></span> <span class='ocrx_word' id='word_1_266' title='bbox 562 4294 603 4362; x_wconf 72' lang='lat'><strong><em>175</em></strong></span> <span class='ocrx_word' id='word_1_267' title='bbox 622 4295 666 4363; x_wconf 86' lang='lat' dir='ltr'><strong><em>Sp.</em></strong></span> <span class='ocrx_word' id='word_1_268' title='bbox 686 4297 731 4351; x_wconf 88' lang='lat' dir='ltr'><strong><em>III</em></strong></span> <span class='ocrx_word' id='word_1_269' title='bbox 750 4295 793 4362; x_wconf 77' lang='grc'><strong><em>72,</em></strong></span> <span class='ocrx_word' id='word_1_270' title='bbox 813 4297 857 4353; x_wconf 73' lang='grc'><strong><em>27.</em></strong></span> 
     </span>
    </p>

    <p class='ocr_par' dir='ltr' id='par_1_16' title="bbox 282 4380 813 4454">
     <span class='ocr_line' id='line_1_36' title="bbox 282 4380 813 4454; baseline 0.002 -14"><span class='ocrx_word' id='word_1_271' title='bbox 282 4380 307 4454; x_wconf 72' lang='grc' dir='ltr'><em>η</em></span> <span class='ocrx_word' id='word_1_272' title='bbox 326 4383 370 4440; x_wconf 90' lang='lat' dir='ltr'><strong><em>w.</em></strong></span> <span class='ocrx_word' id='word_1_273' title='bbox 390 4383 460 4439; x_wconf 81' lang='lat' dir='ltr'><strong><em>vui</em></strong></span> <span class='ocrx_word' id='word_1_274' title='bbox 478 4381 531 4438; x_wconf 81' lang='lat' dir='ltr'><strong><em>too</em></strong></span> <span class='ocrx_word' id='word_1_275' title='bbox 550 4399 576 4439; x_wconf 82' lang='lat' dir='ltr'><strong><em>v.</em></strong></span> <span class='ocrx_word' id='word_1_276' title='bbox 596 4383 623 4454; x_wconf 66' lang='grc' dir='ltr'><em>τ,</em></span> <span class='ocrx_word' id='word_1_277' title='bbox 641 4383 685 4454; x_wconf 76' lang='lat' dir='ltr'><strong><em>ep.</em></strong></span> <span class='ocrx_word' id='word_1_278' title='bbox 704 4384 747 4453; x_wconf 82' lang='grc' dir='ltr'><strong><em>ιο,</em></strong></span> <span class='ocrx_word' id='word_1_279' title='bbox 767 4384 813 4442; x_wconf 82' lang='lat'><strong><em>21.</em></strong></span> 
     </span>
    </p>
   </div>
   <div class='ocr_carea' id='block_1_8' title="bbox 0 0 1530 4876">
    <p class='ocr_par' dir='ltr' id='par_1_17' title="bbox 0 0 1530 4876">
     <span class='ocr_line' id='line_1_37' title="bbox 0 0 1530 4876; baseline 0 0"><span class='ocrx_word' id='word_1_280' title='bbox 0 0 1530 4876; x_wconf 95' lang='lat' dir='ltr'><strong><em> </em></strong></span> 
     </span>
    </p>
   </div>
  </div>
 </body>
</html>
