3052 4876
661 301 856 366 ..82-

227 479 384 549 Dumque
403 481 496 549 thymo
515 487 675 550 pascentur,
694 497 767 550 apes,
787 481 860 534 dum
881 495 942 534 rore
960 477 1078 544 cicadae,
1130 482 1133 487 '
1220 457 1223 462 ’

232 570 346 640 Semper
365 571 449 626 honos
468 587 618 639 nomenque
637 578 713 627 tuum
726 572 881 638 laudesque
898 571 1055 625 manebunt.

61 719 71 732 ,
185 658 268 714 Trist.
288 660 313 715 V
331 660 357 726 4,
377 659 420 715 23.
458 661 502 714 Te
522 667 621 726 umen,
641 678 656 715 o
676 661 698 715 si
718 661 781 729 quid
802 660 888 715 credis
907 658 973 714 mibi
992 658 1087 723 carior,
1106 657 1152 712 ille
1243 711 1247 719 ,

232 747 372 814 Omnibus,
392 749 421 804 in
440 756 500 805 toto
519 756 630 819 pectore
649 766 753 819 semper
769 751 861 805 babet.

228 837 345 906 Teque
364 839 562 904 Menoetiaden,
582 846 610 893 te
635 840 696 908 qui
715 839 858 895 comitavit
877 840 1000 905 Oresten,

235 927 275 982 Te
293 935 375 982 vocat
392 928 516 1000 Aegiden
534 929 735 997 Euryalumque
754 944 840 983 suum.

362 1112 365 1117 -
469 1069 500 1166 e)
526 1071 570 1135 in
593 1070 809 1162 pluribus
832 1041 1060 1134 membris:
1118 1076 1125 1091 ·

178 1197 244 1252 Bne.
263 1196 320 1251 Vlll
339 1197 381 1252 32.
420 1197 442 1252 Ο
463 1194 547 1265 digno
567 1196 712 1251 coniuncta
730 1195 797 1272 uirc,
816 1197 892 1252 dum
912 1193 1028 1264 despicis
1044 1207 1136 1248 omnes

230 1286 385 1354 Dumque
404 1285 455 1341 tibi
474 1291 517 1341 est
535 1286 602 1353 odio,
614 1301 675 1341 mea
692 1285 792 1353 fistula,
812 1287 959 1353 dumque
978 1282 1105 1353 capellae.

176 1375 299 1430 Arsam.
318 1376 333 1429 Ι
352 1375 394 1430 91.
431 1374 492 1429 Illic
510 1374 632 1430 invenies
652 1376 739 1443 quod
758 1391 840 1440 ames,
859 1376 948 1443 quod
967 1374 1060 1428 ludere
1078 1370 1171 1440 possis,

170 1468 171 1473 ’
232 1465 500 1532 Quodquesemel
520 1471 628 1534 tangas,
648 1465 809 1533 quodque
828 1463 1019 1519 tenerevelis.
1156 1536 1158 1541 .

173 1555 237 1610 Met.
256 1554 313 1608 Xlll
331 1552 392 1608 765,
430 1553 571 1622 Iamque
590 1554 641 1609 tibi
661 1556 772 1620 formae,
791 1554 925 1631 iamque
944 1552 1056 1609 esttibi
1074 1567 1138 1606 cura
1157 1547 1285 1618 placendi

227 1644 297 1697 Iarn
315 1642 421 1711 rigidos
442 1643 530 1711 pectis
548 1643 653 1710 rastris,
672 1644 845 1713 Polypheme,
865 1643 983 1713 capillos.
1061 1714 1062 1717 Ἰ

226 1732 295 1786 Iam
315 1730 382 1787 libat
400 1730 534 1787 hirsutam
553 1732 606 1787 tibi
623 1734 694 1788 falce
713 1733 832 1789 recidere
850 1734 969 1788 barbam.

280 1854 462 1921 Postremo
493 1857 660 1921 nonnulla
691 1859 852 1942 exempla
884 1857 1082 1936 anaphoras
1105 1852 1353 1931 multipartitae

178 1962 374 2044 afferantur,
405 1963 441 2027 in
472 1963 598 2043 quibus
630 1964 771 2043 aliquod
802 1964 1000 2043 anaphoras
1027 1962 1220 2026 membrum
1244 1960 1353 2024 modo

174 2069 319 2148 copulae
343 2069 496 2134 cessisse
520 2070 664 2150 videtur,
687 2072 793 2136 modo
818 2087 894 2135 eum
920 2086 962 2134 ea
986 2067 1185 2133 concrescit.
1231 2067 1354 2133 Velut:

173 2216 240 2269 Aen.
259 2215 314 2268 Vlll
334 2215 394 2271 699.
433 2214 563 2271 Contra
582 2216 739 2285 Neptunum
760 2221 794 2268 et
820 2215 951 2267 Venerem
976 2209 1168 2280 contraque
1194 2189 1353 2268 Minervam

229 2303 297 2358 Tela
316 2310 420 2360 tenent.

173 2410 233 2465 Am.
252 2410 270 2464 ll
291 2411 333 2476 18,
353 2411 395 2466 23.
433 2413 526 2479 Quod
545 2413 623 2467 Paris
643 2419 678 2466 et
698 2413 839 2465 Macareus
858 2416 893 2464 et
911 2409 998 2476 quod
1017 2409 1086 2462 male
1107 2415 1206 2477 gratus
1225 2408 1309 2463 Iaso'

227 2500 439 2569 Hippolytique
458 2519 556 2571 parens
575 2502 792 2571 Hippolytusque
811 2501 916 2569 legant.

163 2608 236 2673 Her.
255 2609 275 2663 ll
293 2607 337 2664 35.
374 2610 439 2665 Per
457 2627 539 2678 mare,
559 2612 629 2676 qnod
642 2617 731 2665 totum
749 2609 841 2664 ventis
860 2597 985 2677 agitatur
1003 2612 1032 2661 et
1049 2607 1129 2661 undis
1221 2651 1224 2659 .

225 2698 304 2764 (Per
323 2700 412 2768 quod
431 2716 512 2768 saepe
530 2701 612 2767 ieras,
632 2716 691 2768 per
710 2700 780 2767 quod
799 2698 889 2753 iturus
908 2697 982 2761 eras)

225 2788 362 2856 Perque
381 2794 459 2843 tuum
478 2788 543 2843 mihi
561 2781 672 2854 iurasti,
692 2787 745 2842 nisi
764 2786 844 2840 fietus
864 2793 892 2840 et
910 2786 958 2840 ille
978 2793 1027 2853 est,

227 2877 340 2933 Concita
359 2878 404 2946 qni
423 2878 515 2934 ventis
534 2894 653 2946 aequora
670 2877 781 2943 mulcet,
801 2891 890 2942 avum,

225 2966 290 3022 Per
308 2967 442 3022 Venerem
461 2968 627 3036 nimiumque
646 2967 712 3023 mihi
730 2964 864 3021 facientia
881 2965 944 3032 tela,

224 3057 320 3112 Altera
338 3056 395 3112 tela
414 3074 500 3124 arcus,
519 3058 607 3114 altera
624 3058 682 3113 tela
699 3058 786 3124 faces,

224 3147 416 3215 Iunonemque,
435 3147 504 3203 toris
523 3164 592 3217 quae
610 3148 750 3218 praesidet
768 3148 840 3203 alma
858 3144 966 3202 maritis

225 3236 270 3291 Et
288 3251 348 3306 per
367 3236 519 3293 taediferae
537 3238 654 3307 mystica
672 3253 749 3292 soora
768 3237 843 3291 deae.

171 3346 223 3400 Ars
242 3362 293 3400 am.
313 3345 342 3398 lll
361 3344 423 3401 633.
461 3346 548 3413 Quid
566 3347 654 3402 iaciat
672 3351 764 3401 custos
783 3361 854 3399 cum
875 3344 930 3398 sint
949 3348 992 3397 tot
1009 3342 1038 3396 in
1057 3343 1123 3395 urbe
1143 3341 1261 3407 theatra,

226 3434 303 3490 (lum
321 3440 429 3504 spectet
447 3435 554 3490 iunctos
573 3436 622 3490 illa
640 3436 757 3490 libenter
778 3451 869 3502 equor,

225 3524 307 3581 (lum
326 3525 422 3578 sedeat
440 3525 557 3581 Phariae
576 3525 666 3580 sistris
685 3530 798 3593 operata
815 3523 955 3588 iuvencae,

225 3613 354 3681 Quoque
373 3612 417 3669 aui
435 3614 546 3669 comites
566 3614 607 3669 ire
626 3618 767 3680 vetantur,
786 3618 841 3679 eat,

225 3702 303 3759 Gom
322 3703 403 3772 fuget
422 3720 439 3757 a
457 3704 566 3772 templis
585 3703 676 3758 oculos
694 3706 772 3759 Bona
790 3704 864 3761 Dira
890 3704 1019 3767 uirorum,

224 3793 421 3860 Praeterquam
440 3791 464 3846 si
483 3807 550 3861 quos
569 3791 617 3847 illa
636 3792 731 3848 venire
749 3791 836 3859 iubet,

227 3882 319 3947 (lum,
338 3881 453 3937 custode
471 3881 538 3938 foris
558 3880 665 3938 tunicas
685 3887 813 3938 seruante
831 3881 947 3949 puellae,

225 3970 323 4026 Celent
340 3968 462 4027 furtivos
480 3972 578 4028 balnea
595 3970 684 4027 multa
701 3972 782 4039 iocor,

224 4059 316 4126 cum,
334 4060 461 4129 quotiens
479 4077 546 4131 opus
565 4067 616 4130 est,
634 4061 722 4118 fallax
741 4065 869 4130 aegrotet
887 4059 974 4116 amica

224 4149 262 4205 Et
280 4150 361 4205 cedat
379 4150 451 4206 lecto
470 4151 619 4221 quamlibet
638 4167 725 4219 aegra
743 4166 800 4216 suo,

223 4237 337 4295 Nomina
355 4256 415 4295 oum
434 4241 539 4309 doceat,
562 4240 627 4311 quid
646 4255 768 4310 mamus,
788 4240 917 4296 adultera
935 4241 1030 4315 clauis,

225 4328 374 4404 Quasque
391 4334 480 4405 petas,
498 4346 553 4390 nou
571 4331 620 4392 det
637 4330 720 4390 ianua
737 4329 796 4387 aola
813 4328 892 4388 rias?
