3052 4876
511 1080 699 1185 Scriptor
727 1083 779 1162 de
807 1083 887 1162 vita
916 1106 1003 1162 sua.

285 1296 393 1361 Natus
419 1314 496 1361 sum
512 1297 708 1361 Ludovicus
725 1295 816 1379 ouo,
832 1298 973 1361 natione
989 1296 1185 1377 BavaricuS,
1202 1314 1230 1361 a
1249 1299 1280 1363 d.
1297 1296 1355 1365 IV.

178 1403 250 1468 Kal.
281 1404 388 1468 Maias
420 1406 500 1469 anni
527 1402 803 1468 MDCCCLXXIX
835 1405 868 1467 in
905 1405 1033 1484 oppido
1068 1404 1272 1469 Dettelbach
1310 1406 1355 1471 ad

179 1510 340 1575 Moenum
356 1512 423 1575 sito
448 1513 648 1589 parentibus
664 1511 823 1594 loseph0,
848 1528 950 1590 quem
975 1514 1109 1575 matura
1132 1515 1243 1576 morte
1267 1513 1354 1577 mibi

179 1622 333 1698 ereptum
353 1635 434 1682 esse
448 1620 673 1683 vehementer
688 1621 801 1702 lugeo,
826 1622 861 1682 et
877 1618 1025 1683 Barbara
1049 1620 1092 1682 de
1116 1623 1222 1698 gente
1237 1619 1354 1703 Mann,

179 1741 284 1805 quam
300 1727 521 1803 superstitem
542 1743 623 1790 esse
641 1728 790 1790 maxime
807 1726 953 1805 gaudeo.
977 1724 1072 1788 Fidei
1094 1726 1254 1791 addictus
1272 1743 1353 1791 sum

180 1833 378 1895 catholicae.
425 1831 454 1894 A
482 1849 604 1895 mense
629 1833 718 1897 Maio
748 1834 827 1897 anni
851 1829 1145 1897 MDCCCLXXXV
1168 1849 1283 1913 usque
1309 1834 1353 1899 ad

178 1955 334 2002 mensem
367 1939 518 2018 Aprilem
548 1955 576 2002 a.
601 1937 830 2003 MDCCCXCll
861 1941 980 2002 ludum
1011 1939 1185 2017 publicum
1217 1940 1354 2019 patriae

178 2047 405 2128 frequentavi,
435 2046 559 2110 deinde
588 2046 761 2125 gymnasii
785 2043 830 2109 St.
856 2043 1046 2110 Ottiliensis
1070 2047 1119 2111 fui
1143 2048 1308 2112 alumnus
1332 2065 1354 2113 a

178 2148 300 2217 mense
324 2153 430 2233 Aprili
463 2154 619 2216 eiusdem
652 2153 732 2216 anni
765 2169 876 2232 usque
909 2154 952 2216 ad
986 2169 1143 2218 mensem
1172 2152 1298 2218 lulium
1323 2172 1353 2221 a

177 2258 371 2342 MDCCClC‚
402 2264 526 2340 postea
550 2260 723 2340 gymnasii
746 2258 968 2338 Dillingensis
993 2262 1037 2323 ad
1060 2260 1255 2325 Danubium
1281 2262 1353 2327 dis·

178 2370 320 2449 cipulus
353 2369 411 2431 ubi
444 2383 566 2432 mense
599 2367 684 2431 lulio
717 2383 746 2430 a.
779 2363 872 2430 MCM
902 2367 1103 2431 testimonio
1141 2369 1382 2434 maturitatis-

178 2478 375 2540 exstructus
397 2492 483 2538 sum.
526 2474 648 2538 Hieme
673 2474 829 2537 eiusdem
854 2473 934 2536 anni
957 2473 992 2535 in
1016 2489 1197 2538 numerum
1221 2474 1353 2540 civium
1386 2478 1393 2567 ξ

72 2662 76 2672 ¹
147 2583 452 2647 academicorum
482 2582 676 2659 adscriptus
700 2579 913 2660 Wirceburgi
946 2596 1087 2659 operam
1113 2582 1192 2645 dedi
1221 2584 1352 2649 studiis

177 2690 363 2769 philologis
387 2706 447 2768 per
471 2692 551 2753 octo
575 2688 765 2752 semestria
789 2686 879 2750 Anni
902 2685 1041 2752 MCMIV
1066 2705 1187 2752 mense
1207 2676 1352 2758 Octobri

177 2797 221 2860 ad
238 2798 450 2860 academiam
463 2796 743 2875 Marpurgensem
758 2796 933 2874 emigravi,
949 2796 1007 2859 ubi
1022 2796 1192 2875 reliquum
1207 2800 1349 2879 tempus

175 2905 210 2967 in
255 2906 365 2967 bonas
410 2905 501 2966 artes
547 2903 796 2965 incumbebam.
857 2900 957 2965 Anno
1001 2899 1137 2966 MCMlll
1175 2903 1363 2970 Monacbii'

175 3011 322 3090 primum
348 3012 524 3073 tentamen
549 3009 804 3087 philologorum
831 3007 1083 3090 Bavaricorum,
1112 3025 1204 3075 anno
1220 3010 1344 3078 Mcllv

176 3118 367 3182 secundum
400 3117 498 3197 subii,
529 3116 654 3196 quibus
685 3115 883 3179 facultatem
914 3117 1061 3180 docendi
1088 3117 1123 3179 in
1152 3120 1347 3197 gymnasiis

175 3224 320 3304 publicis
359 3223 525 3288 Bavariae
565 3223 648 3286 mibi
692 3225 897 3303 comparavi.
959 3223 1157 3288 Docuerunt
1196 3241 1252 3290 me
1282 3228 1348 3291 viri

173 3332 409 3395 illustrissimi:
448 3331 530 3413 Boll,
562 3330 721 3412 Brenner,
753 3329 910 3412 Cbroust,
945 3328 1165 3414 Grasberger,
1198 3332 1347 3412 Hannon

174 3437 376 3519 Riitteclren,
400 3435 542 3520 Scham,
565 3435 693 3516 Stangl,
710 3435 845 3518 Stdlzle,
862 3436 1026 3518 Wilclren,
1042 3436 1201 3521 Wolters,
1217 3436 1346 3504 Wirce-
1387 3432 1391 3441 ’

174 3546 367 3624 burgenses
376 3563 383 3626 3
408 3544 486 3626 Birt,
502 3543 628 3624 Cohen,
645 3543 864 3627 Kalbl'leisob,
881 3543 1005 3625 MaasS,
1030 3543 1141 3627 Niese,
1166 3546 1209 3610 de
1234 3544 1346 3629 Ropp,

174 3652 217 3715 de
241 3648 345 3730 Sybel
368 3651 643 3730 Marpurgenses.
690 3648 821 3726 Quibus
855 3651 1015 3714 omnibus
1048 3653 1179 3731 optime
1211 3652 1254 3716 de
1287 3669 1345 3717 me

59 3834 63 3840 .
174 3759 304 3821 meritis
328 3759 497 3820 maximas
531 3774 597 3835 ago
629 3758 758 3835 gratias
789 3759 944 3836 inprimis
974 3757 1088 3841 Birtio,
1121 3759 1179 3838 qui
1208 3759 1345 3824 adhoc

174 3880 263 3943 opus
298 3863 551 3927 conficiendum
587 3879 642 3926 me
680 3865 877 3928 invitaverit
917 3866 952 3928 et
987 3881 1091 3945 opera
1127 3865 1346 3947 consilioque

174 3972 323 4035 maxime
358 3972 534 4035 adiuverit.
595 3969 747 4034 Examen
780 3973 977 4049 rigorosum
1013 3974 1102 4036 subii
1137 3972 1208 4037 Kal.
1243 3972 1345 4040 Maiis

173 4079 252 4141 anni
275 4077 436 4143 llcllvll.
467 4077 543 4155 Quo
561 4096 605 4143 ex
619 4082 775 4157 tempore
792 4077 1004 4158 Wirceburgi
1021 4081 1214 4144 studiorum
1235 4094 1345 4146 causa

173 4190 407 4250 commoratus
433 4202 519 4250 sum.
