3052 4876
670 273 869 335 -71-

184 446 285 516 Georg.
304 450 319 502 Ι
337 448 398 503 234.
437 449 572 518 Semper
591 449 646 504 sole
665 452 787 505 rubens
807 455 841 504 et
859 449 986 504 torrida
1004 465 1138 520 semper
1157 452 1190 506 ab
1210 449 1277 520 igni.

188 538 255 591 Aen.
274 537 330 591 Vlll
349 537 409 593 271.
449 539 527 593 Ηοῖῖε
547 555 622 593 aranu
641 539 701 594 luco
720 538 831 604 statuit,
850 553 937 606 quae
956 539 1103 595 maxima
1121 555 1259 609 semper

238 626 385 681 Dicetur
403 627 480 682 nobis
500 634 537 681 et
556 628 624 682 erit
644 643 733 696 quae
752 626 901 684 maxima
920 643 1063 697 semper.

184 717 250 770 hen.
269 716 294 769 X
312 715 373 770 350.
411 716 498 771 Tres
517 733 624 785 quoque
644 716 830 772 Threicios
849 719 984 773 Boreae
1003 718 1042 772 de
1061 725 1167 787 gente
1186 734 1312 787 suprema

236 806 280 859 ut
298 811 387 872 tres,
406 822 493 875 quos
512 807 592 860 Idas
611 812 690 874 poter
709 813 738 861 et
755 807 846 875 patria
864 809 970 862 Ismara
988 807 1115 864 mittit.

184 894 285 963 Georg.
303 894 323 947 ll
342 895 402 950 536.
443 897 532 950 Ante
551 895 634 950 etiam
653 902 831 966 sceptrum
850 896 957 954 Dictaei
977 895 1051 965 regis
1070 905 1106 952 et
1126 904 1211 952 ante

220 983 307 1052 Impia
325 1000 423 1052 quam
443 984 527 1039 caesis
549 1000 617 1053 gens
636 991 680 1039 cst
698 985 809 1053 epulata
827 985 959 1052 iuvencis,

184 1072 285 1141 Θεοῖς.
303 1073 332 1127 lll
352 1072 412 1128 133.
449 1074 525 1128 Cum
546 1075 670 1143 graviter
688 1073 777 1129 tunsis
797 1075 905 1143 gemit
924 1090 989 1129 area
1007 1075 1134 1144 frugibus
1153 1080 1188 1129 et
1207 1091 1278 1130 oum

236 1163 394 1231 Surgentem
415 1164 450 1218 ad
468 1165 615 1233 zephyrum
635 1164 730 1233 paleae
748 1163 935 1220 iactantur
952 1164 1056 1220 inanes.

182 1251 282 1320 Georg.
302 1252 332 1306 Ill
351 1253 412 1308 497.
451 1254 511 1320 Qui,
532 1254 611 1308 dum
631 1269 724 1308 omnes
743 1252 793 1308 ulli
811 1260 1012 1323 rumpuntur
1030 1254 1153 1309 fontibus
1173 1260 1209 1308 et
1228 1254 1302 1310 dum

235 1342 305 1396 Vere
324 1343 456 1398 madent
474 1344 527 1397 ndo
546 1350 638 1397 terrae
657 1359 688 1396 ac
707 1343 871 1411 pluvialibus
890 1343 1001 1398 austris.

182 1432 240 1483 Am.
261 1431 274 1483 Ι
293 1431 318 1497 2,
339 1432 381 1486 11.
420 1430 503 1485 Vidi
522 1447 573 1500 ego
592 1431 712 1486 iactatas
732 1438 807 1486 moto
826 1432 888 1485 iace
907 1446 1028 1486 crescere
1046 1431 1169 1486 flammas

235 1521 278 1574 Et
297 1519 371 1575 vidi
392 1520 466 1575 nullo
486 1519 659 1576 concutiente
678 1521 752 1575 mori.

181 1607 246 1663 Met.
266 1610 286 1662 ll
305 1608 365 1664 722.
404 1609 543 1676 Quanto
562 1608 727 1679 splendidior
746 1626 841 1679 quam
861 1616 984 1664 cetera
1003 1610 1093 1665 sidera
1111 1609 1202 1679 fulget

234 1697 352 1764 Lucifer,
373 1705 405 1753 et
425 1706 553 1767 quanto
572 1703 609 1765 te,
628 1698 747 1764 Lucifer,
766 1714 850 1753 auree
869 1698 984 1754 Phoebe.

184 1786 259 1842 Fast.
279 1787 314 1841 lV
333 1786 394 1842 763.
432 1788 586 1843 Valeant
604 1788 778 1856 hominesque
796 1803 949 1858 gregesque

236 1877 279 1930 Et
300 1878 443 1932 valeant
468 1877 618 1946 vigiles,
638 1876 752 1946 provido
772 1879 859 1945 turba,
880 1895 969 1934 canes.

180 1965 256 2019 Fast.
277 1965 301 2018 V
319 1967 380 2021 267.
419 1967 498 2022 Flore
517 1968 599 2022 semel
617 1968 692 2022 laeso
711 1974 862 2036 pereunt
881 1968 1043 2037 vicinoque
1062 1969 1246 2036 fabaeque.

236 2055 277 2109 Et
296 2064 444 2124 pereunt
463 2058 559 2123 lentes,
579 2058 685 2111 advena
705 2057 796 2123 Nile,
815 2063 888 2112 tuae.

287 2144 519 2225 Inaequalitas
535 2146 638 2226 igitur
650 2147 883 2210 membrorum
902 2147 1232 2228 coniungendorum,
1248 2162 1353 2226 quae-

181 2266 329 2331 cumque
346 2255 409 2326 est,
426 2269 496 2316 non
513 2268 590 2317 raro
604 2252 758 2316 firmiore
775 2253 856 2331 eget
878 2252 1044 2316 iunctura.
1079 2250 1192 2328 Quare
1207 2253 1353 2317 huiusce

180 2358 273 2422 modi
297 2359 364 2423 loci
387 2360 423 2422 in
448 2360 633 2437 anaphoris
652 2359 776 2436 copula
796 2358 1052 2422 abundantibus
1076 2375 1146 2422 non
1169 2375 1352 2424 numeran-

180 2467 243 2526 tur.
267 2461 363 2539 Quae
380 2479 464 2526 vero
481 2465 679 2542 anaphoras
699 2479 820 2528 revera
844 2465 968 2544 copula
991 2464 1176 2546 abundant,
1200 2481 1351 2531 caenon

181 2571 297 2633 omnia
312 2570 497 2634 verborum
509 2586 639 2650 genera
654 2572 840 2653 continent,
857 2573 920 2636 sed
932 2574 1065 2636 tantum
1080 2573 1351 2655 coniunctiones

179 2679 466 2761 praepositiones
498 2679 670 2746 adiectiva
702 2680 759 2744 vel
782 2680 957 2760 genitivos
981 2682 1169 2763 nominum,
1196 2682 1350 2761 relativa,

178 2786 372 2864 particulas.
907 2784 910 2789 ’

338 2897 371 2978 a)
394 2894 500 2960 Loci
524 2897 754 2962 eiusmodi
778 2896 896 2978 apud
919 2896 1189 2977 Vergilium:

180 3016 278 3084 Georg.
298 3019 332 3070 lV
352 3019 412 3072 559.
451 3021 524 3074 Haeo
542 3037 645 3088 super
664 3038 791 3076 arvorum
811 3023 887 3077 onitu
906 3038 1085 3092 pecorumque
1106 3023 1235 3077 canebam

232 3106 274 3158 nt
292 3119 396 3175 super
415 3107 563 3162 arboribus.

178 3195 245 3248 Aen.
267 3196 282 3248 I
301 3194 362 3248 699.
400 3196 469 3248 Iam
489 3202 568 3264 peter
587 3198 693 3252 Aeneas
713 3197 829 3257 etiam
848 3199 968 3255 Troiana
985 3199 1116 3255 iuventus

233 3284 414 3339 Conveniunt.

177 3377 243 3429 Aen.
264 3375 278 3427 Ι
296 3374 358 3430 315.
395 3375 560 3444 Virginis
579 3393 608 3431 os
627 3377 804 3446 habitumque
823 3393 922 3446 gerens
940 3383 975 3431 et
994 3377 1154 3445 virginis
1174 3394 1257 3432 arma.

176 3464 244 3518 Aen.
263 3463 283 3516 ll
302 3464 363 3518 337.
401 3466 439 3519 In
457 3465 580 3520 flammas
599 3465 689 3519 etin
708 3483 784 3520 orma
803 3467 884 3521 feror.

177 3555 243 3607 hen.
263 3554 298 3608 lV
317 3553 377 3609 390.
415 3554 554 3622 Linquens
574 3555 682 3611 multa
699 3562 773 3609 metu
793 3561 967 3610 cunct-antem
987 3562 1020 3609 et
1040 3555 1149 3609 multa
1167 3555 1312 3610 volentem.

176 3645 243 3697 hen.
263 3643 287 3696 X
306 3643 366 3697 503.
405 3643 496 3697 Turno
516 3649 623 3714 tempus
643 3643 704 3710 erit,
724 3660 822 3713 magno
841 3661 913 3699 cum
932 3643 1071 3712 optaverit
1089 3650 1209 3712 emptum

229 3732 368 3786 Intactum
388 3732 517 3787 Pallanta
535 3740 570 3787 et
590 3749 661 3788 oum
681 3731 767 3802 spolia
785 3733 840 3786 ista
859 3731 982 3801 diemque
1001 3732 1105 3787 Oderit.

175 3824 242 3876 hen.
263 3823 296 3875 Χ]
317 3821 359 3876 57.
575 3823 610 3877 Ei
628 3821 704 3890 mihi,
723 3833 891 3891 quantum

229 3911 407 3976 Praesidium,
426 3913 555 3978 Ausonia,
575 3920 604 3967 et
623 3918 755 3982 qnantum
775 3919 806 3968 tu
825 3913 923 3982 perdis,
942 3911 1016 3967 Iule!

176 4002 243 4052 Aen.
263 3999 307 4051 Xll
327 3999 386 4052 677.
426 4000 495 4064 Quo
515 4002 580 4055 deus
600 4009 634 4055 et
652 4018 714 4069 quo
734 4002 802 4057 duro
822 4007 902 4056 vocat
921 4001 1041 4068 fortuna,
1060 4015 1213 4069 sequamur.
1272 4026 1274 4036 ν

542 4107 578 4190 b)
604 4109 717 4188 apud
741 4106 970 4173 Ovidium:

173 4229 238 4283 hiet.
259 4229 281 4281 V
301 4228 362 4284 463.
401 4230 489 4297 Quas
508 4232 560 4286 dea
577 4249 626 4300 per
644 4241 734 4289 terres
753 4242 786 4289 et
805 4251 889 4307 quas
908 4233 1042 4293 errauerit
1060 4233 1156 4302 undas,

226 4317 324 4379 Dicere
342 4319 426 4395 longa
443 4337 519 4377 mora
537 4329 588 4382 est.
