3052 4876
657 283 857 346 -4p-

172 459 295 540 partim
314 461 502 542 -partim,
526 460 611 525 alter
628 499 666 508 -
686 461 779 541 alter,
803 459 891 524 alius
908 497 944 504 -
961 459 1058 540 alius,
1081 475 1161 538 pars
1187 499 1227 505 —
1253 475 1346 539 pars,

174 583 263 646 quae
287 567 357 631 vim
373 568 504 631 habent
520 567 768 648 correlativam,
791 568 905 630 locum
922 582 992 630 non
1017 566 1184 630 dabimus.
1213 565 1348 630 Deinde

172 675 396 755 repetitiones
430 691 548 738 earum
580 675 838 756 particularum,
874 690 964 754 quae
997 673 1101 738 modo
1134 674 1348 752 anaphoram

175 781 343 863 eiiiciunt,
366 782 472 846 modo
489 781 560 846 vim
587 782 826 846 correlativam
852 782 990 863 habent,
1013 797 1084 844 non
1112 781 1349 860 respiciemur,

174 888 241 952 nisi
276 889 357 967 quid
398 889 442 952 ad
487 889 699 967 anaphoram
733 903 855 951 revera
888 888 1116 967 pertinebunt
1174 885 1274 964 Quod
1310 889 1349 950 ut

173 994 309 1059 facilius
329 995 557 1078 intellegatur,
575 996 672 1060 hisce
693 995 861 1074 exemplis
882 998 967 1059 utar.
1005 994 1083 1058 Vim
1108 995 1350 1059 correlativam

173 1102 303 1166 habent
325 1103 567 1182 repetitiones:
847 1097 849 1102 ’

272 1202 382 1307 lug.
407 1223 531 1307 Georg.
554 1225 569 1291 l
593 1227 673 1292 334:

218 1340 340 1406 Nunc
363 1358 507 1406 nemora
529 1342 661 1423 ingenti
684 1345 801 1424 vento,
824 1359 940 1406 nunc
961 1343 1061 1407 litora
1085 1345 1239 1422 tangunt.

176 1447 383 1527 Anaphorae
407 1451 523 1514 autern
546 1449 600 1514 vis
625 1452 681 1513 est
703 1450 738 1512 in
762 1466 883 1514 versu:

283 1570 407 1654 Georg.
430 1573 445 1638 Ι
469 1574 549 1639 386;

220 1686 334 1754 Nunc
357 1692 461 1769 caput
484 1690 659 1755 obiectare
682 1691 789 1773 iretis,
813 1709 920 1756 nunc
944 1706 1078 1755 currere
1101 1691 1136 1752 in
1161 1691 1273 1754 undas

220 1794 262 1859 Et
285 1796 404 1860 studio
428 1797 604 1861 incassum
630 1798 750 1862 videas
774 1799 904 1877 gestire
928 1798 1075 1863 lavandi.

176 1919 242 1985 Vel
265 1920 366 2001 Verg.
391 1920 474 1987 Aen.
498 1921 646 1987 111566:

220 2034 302 2100 lam
325 2053 420 2101 mare
443 2039 571 2102 turbari
594 2039 749 2103 trabibus
774 2055 970 2123 saevasque
995 2040 1129 2105 videbis

222 2141 411 2209 Conlucere
433 2144 540 2227 iaces,
564 2146 651 2210 iarn
673 2146 810 2210 iervere
832 2146 934 2210 litora
956 2146 1117 2212 flammis.

285 2267 382 2334 Ovid.
405 2268 540 2334 Metam.
563 2269 624 2335 ΧΠ
647 2272 707 2335 71:

724 2377 867 2443 Etiam
893 2376 995 2459 Sigea
1020 2379 1189 2444 rubebant

221 2483 343 2566 Litora,
367 2483 445 2548 iarn
471 2485 541 2549 leto
565 2485 681 2565 proles
705 2484 876 2565 Neptunia
899 2484 1036 2567 Cycnos

221 2591 313 2655 Mille
335 2592 431 2655 viros
455 2591 605 2674 dederat,
629 2591 708 2657 iam
734 2609 833 2657 curru
857 2594 1011 2658 instabat
1035 2592 1193 2657 Achilles

178 2716 242 2780 Vel
269 2716 371 2797 Verg.
395 2715 478 2781 Aen.
502 2716 576 2782 Vlll
599 2719 680 2782 473:

615 2824 717 2888 binc
740 2824 852 2889 Tusco
877 2825 1066 2889 claudimur
1090 2827 1191 2906 amni,

222 2929 323 2995 Hinc
345 2929 493 2995 Rutulus
517 2931 641 3013 premit
664 2934 701 2995 et
722 2947 858 2996 murum
881 2933 1112 2997 circumsonat
1135 2933 1248 2997 armis.

286 3055 388 3136 Verg.
411 3054 495 3119 Aen.
519 3054 562 3119 lll
588 3057 666 3120 111:

225 3159 325 3226 liinc
348 3165 459 3227 mater
482 3162 605 3227 cultrix
628 3159 779 3242 Cybelae
803 3162 1106 3245 Corybanthiaque
1130 3181 1209 3229 aera

224 3268 435 3350 Idaeumque
457 3285 591 3352 nemus,
616 3269 708 3335 irinc
730 3270 803 3335 fida
826 3272 963 3336 silentia
987 3272 1103 3337 sacris.

180 3392 244 3458 Vel
267 3392 369 3475 Verg.
392 3392 477 3458 Aen.
500 3392 561 3459 VH
585 3395 667 3459 712:

225 3499 298 3578 Qui
322 3499 529 3567 Nomentum
553 3502 683 3584 urbem,
707 3502 774 3585 qui
799 3501 915 3568 Rosea
938 3518 1017 3567 rura
1040 3501 1161 3582 Velini,

225 3604 306 3684 Qui
328 3607 482 3673 Tetricae
504 3608 685 3672 horrentes
709 3624 813 3688 rupes
838 3613 1062 3688 montemque
1086 3606 1250 3674 Severum

226 3712 494 3794 Casperiamque
518 3714 645 3778 colunt.

288 3838 389 3919 Verg.
412 3837 497 3903 Aen.
521 3837 564 3903 ΙΙΙ
587 3839 665 3904 253:

225 3945 427 4028 norugena,
449 3947 621 4031 interpres
646 3949 774 4030 divum,
798 3946 864 4031 qui
888 3947 1030 4012 numina
1053 3947 1191 4030 Phoebi,

227 4050 300 4134 Qui
324 4054 490 4137 tripodes,
514 4051 614 4120 Clarii
638 4056 765 4137 laurus,
789 4053 855 4138 qui
880 4055 994 4119 sidera
1019 4056 1138 4120 sentis.

288 4175 420 4253 Quibus
454 4193 498 4242 ex
529 4179 698 4257 exemplis
730 4178 939 4258 intellegitur
962 4180 1045 4243 illud
1068 4180 1215 4260 primurn
1240 4180 1358 4259 specie

182 4287 325 4367 tantum,
348 4285 432 4349 illud
448 4287 565 4349 autem
582 4284 773 4349 secundum
790 4301 909 4349 veram
927 4301 1008 4350 esse
1024 4287 1245 4366 anaphoram.
1268 4285 1358 4352 Nota
