3052 4876
735 362 933 424 ..12-

352 538 386 620 b)
412 536 726 620 Alexander:¹)
766 533 985 623 Ἔπαναιμορά
1016 541 1112 615 ἐστιν,
1149 539 1226 602 ὅταν
1258 538 1326 619 ἀπὸ
1361 550 1422 602 τοῦ

245 643 345 705 αὐτοῦ
377 640 577 727 κύμματοςέ)
611 641 667 705 δύο
703 640 720 724 ἢ
754 644 858 706 πλείω
888 645 976 707 κῶλα
1006 645 1232 730 άρχηται,,άις
1256 647 1348 728 παρὰ
1372 656 1421 728 τῷ

246 753 469 834 Δημοσθένει·
494 745 595 827 ,ταῦτ’
621 743 716 813 είπον
739 748 824 835 ὑπὲρ
848 749 947 832 ύμιῖιν,
978 747 1068 814 ταῦτ’
1095 749 1302 836 ἐπρέσβευσα,
1327 747 1421 814 ταῦτ’

244 974 310 1026 τιῖιν
334 962 499 1048 περιόδων
523 963 682 1039 πολλάκις
711 966 1006 1050 παραλαμβάνηται
1041 966 1095 1028 καὶ
1106 970 1134 1045 3)
1169 963 1186 1047 ἢ
1220 964 1298 1028 αύτδ
1330 963 1349 1046 ἢ
1381 963 1420 1027 τὸ

246 1068 459 1151 ἰσοδυναμοῦν
476 1070 573 1153 αύτῷ,
597 1071 652 1133 καὶ
669 1069 748 1133 αὐτὸ
765 1070 824 1152 μὲν
849 1071 893 1146 άις
907 1069 943 1134 τὸ
962 1072 1223 1157 Δημοσθενικόν·
1249 1077 1281 1134 τί
1302 1066 1366 1148 οὖν,
1393 1066 1420 1133 ὦ

244 1177 435 1261 ταλαίπωρε
459 1187 691 1261 συκοφαντεῑς;
714 1181 747 1239 τί
770 1177 885 1260 λόγους
909 1179 1085 1254 πλάττεις;
1108 1182 1140 1240 τί
1162 1177 1279 1241 σαυτὸν
1296 1179 1353 1241 ούκ
1370 1176 1421 1242 ἐλ-

245 1281 442 1367 λεβορίζεις;
468 1284 523 1345 καὶ
540 1283 585 1359 ὡς
601 1282 637 1346 οδ
655 1278 846 1368 Ὁμηρικόν·
872 1285 991 1369 Νιρεὺς
1014 1279 1054 1347 αὖ
1081 1287 1233 1370 Σύμηθεν
1253 1284 1329 1368 άγεν
1347 1335 1353 1347 .
1373 1335 1379 1347 .
1399 1333 1419 1362 .,

243 1388 281 1455 τὸ
299 1389 326 1453 δ’
345 1387 559 1470 ἰσοδυναμοῦν
584 1389 703 1466 οὕτως·
721 1385 752 1452 Ὁ
775 1388 873 1453 πάντ’
890 1390 1022 1467 ἄναλκις
1038 1386 1143 1468 οὗτος,
1161 1391 1180 1474 ἡ
1197 1402 1289 1455 πᾶσα
1304 1392 1419 1476 βλάβη.

243 1491 412 1561 Ἐνταῦθα
436 1497 497 1581 γὰρ
521 1496 559 1558 τό
582 1520 617 1559 τε
642 1495 808 1581 ἀρσενικὸν
833 1496 961 1582 άρθρον
985 1499 1040 1561 καὶ
1063 1495 1100 1560 τὸ
1125 1496 1270 1583 θηλυκὸν
1287 1495 1357 1561 ’ίσον
1373 1498 1421 1574 ὡς

244 1602 330 1688 πρὸς
353 1602 389 1665 τὸ
414 1613 551 1688 πρᾶγμα
575 1602 720 1667 δύναται.
750 1602 791 1666 Τὸ
817 1599 844 1666 δ)
870 1603 1083 1685 ἰσοδυναμοῦν
1109 1603 1221 1680 ούτως,
1248 1605 1292 1680 ὡς
1316 1602 1420 1680 εἴτις

243 1710 349 1794 λέγοι·
375 1706 526 1773 ἐπέδωκα
549 1721 587 1793 τῇ
608 1709 705 1771 πόλει
722 1712 880 1794 χρήματα,
906 1714 1073 1794 παρέσχον
1091 1713 1287 1792 συμμάχους,
1311 1711 1419 1795 ἐχαρι-

244 1819 348 1901 σάμην
372 1814 470 1892 ὅπλα,
495 1815 550 1878 καὶ
574 1814 636 1891 ὡς·
664 1813 742 1878 ὅταν
765 1816 841 1891 τούς
864 1817 1038 1891 κοινωνοὺς
1062 1815 1162 1879 αὐτοῦ
1185 1826 1250 1878 τῶν
1275 1814 1418 1900 δωροδο-

243 1925 396 2008 κημάτων
428 1921 613 2006 παρακαλῇ,
645 1918 892 2002 ὑπολαμβάνετε
925 1925 1076 2005 καθορᾶν
1107 1919 1164 1984 ἐπὶ
1193 1933 1252 1985 τοῦ
1274 1924 1420 2008 βήματος

245 2028 635 2112 ἀντιπαρατεταγμένους,
650 2036 676 2088 Σ
684 2025 782 2090 ’λωνα
795 2027 854 2108 μὲν
867 2026 923 2091 τὸν
935 2029 1119 2104 καλλίστοις
1132 2028 1244 2110 νόμοις
1255 2032 1419 2115 κοσμήσαν

244 2159 284 2197 τα
297 2134 354 2219 την
367 2134 475 2210 πόλιν,
488 2132 681 2218 Ἀριστείδην
695 2132 729 2196 δὲ
739 2132 796 2197 τὸν
810 2135 886 2210 τούς
899 2134 1023 2219 φόρους
1036 2137 1179 2214 τάξαντα
1191 2137 1420 2221 τοῖςἛλλησιν
1437 2130 1440 2135 ’

245 2239 478 2325 ἐπερωτῶντα·
508 2239 527 2323 ἢ
557 2240 614 2303 ούκ
642 2239 846 2320 αἰσχύνεσθε,
876 2239 904 2303 εἰ
929 2240 960 2304 οἰ
984 2245 1126 2326 πατέρες
1149 2239 1238 2322 ’ὑμῶν
1262 2242 1417 2327 ’.’ίρθμιον

244 2347 300 2412 τὸν
324 2349 484 2433 Ζελείτην,
509 2347 562 2410 καὶ
588 2347 628 2409 τὰ
654 2345 736 2433 ἑξῆς.

351 2455 503 2520 Eandem
527 2455 601 2519 fere
630 2455 907 2520 distributionem
930 2457 1073 2536 praebet
1097 2453 1218 2521 Codex
1242 2455 1418 2520 Parisinus

245 2564 420 2628 secundus
445 2563 605 2643 quamvis
629 2565 665 2626 et
680 2562 793 2628 allatis
811 2564 980 2644 exemplis
998 2567 1033 2626 et
1049 2566 1215 2627 contextu
1233 2564 1419 2626 verborum

242 2675 278 2735 et
299 2672 434 2734 ratione
458 2669 593 2733 dicendi
616 2685 687 2733 non
710 2685 788 2735 raro
813 2671 995 2749 discrepet.
1037 2669 1099 2733 Est
1122 2672 1292 2752 autem:⁴)
1315 2670 1415 2731 Ἐπα-

242 2779 373 2861 ναιγορά
397 2773 464 2838 ἐστι
485 2773 647 2839 πλειόνων
665 2776 780 2839 κώλων
795 2774 814 2858 ἢ
830 2778 1005 2856 κομμάτων
1022 2771 1090 2836 άπὸ
1107 2783 1164 2858 τῆς
1182 2773 1281 2860 αὐτῆς
1296 2775 1415 2854 λέξεως

243 2882 335 2968 ἀρχή,
367 2878 450 2944 οἷον·
486 2878 548 2964 ἐγὼ
578 2880 721 2967 διώκησα
751 2880 807 2944 τὸν
836 2875 925 2944 οἰκον
950 2879 1057 2956 αὐτοῦ,
1084 2876 1146 2964 ἐγὼ
1170 2880 1332 2965 εὐθέτησα
1356 2881 1414 2965 τὴν

241 2992 434 3073 περιουσίαν
458 2987 567 3065 αὐτοῦ,
593 2985 655 3071 ἐγὼ
677 2991 883 3073 προιστάμην
899 2998 963 3048 των
980 2983 1103 3049 ἐκείνου
1119 2990 1333 3073 πραγμάτων.
1358 2988 1413 3051 καί

243 3094 505 3181 Δημοσθενικόν·
531 3098 619 3158 ταῦτ’
638 3089 734 3158 εἷπον
755 3091 839 3178 ὑπὲρ
856 3091 954 3174 ὑμῶν,
980 3099 1071 3156 ταῦτ’
1089 3091 1297 3179 ἐπρέσβευσα,
1322 3088 1413 3157 ταῦτ’

243 3200 393 3288 ἐδεήθην,
418 3201 473 3264 καὶ
497 3202 616 3264 πάλιν·
642 3205 674 3264 τί
698 3194 807 3278 οὖν,ὦ
831 3200 1023 3284 ταλαίπωρε
1050 3250 1056 3262 .
1083 3250 1090 3263 .
1117 3250 1123 3263 .
1150 3250 1157 3264 .
1183 3198 1414 3287 ἐλλεβορίζεις;

240 3309 295 3373 καὶ
313 3304 330 3371 δ
347 3308 515 3391 θεολόγος·
532 3306 675 3394 Χριστὸς
690 3317 849 3391 γεννᾶται,
869 3304 1030 3386 δοξάσετε,
1049 3306 1188 3391 Κριστὸς
1204 3304 1240 3386 ἐξ
1256 3306 1411 3392 οὐρανῶν,

242 3414 460 3500 άπαντήσατε,
485 3413 629 3499 Χριστὸς
653 3412 710 3477 ἐπὶ
733 3424 799 3500 γῆς,
824 3410 999 3500 ύψώθητε.
1024 3415 1079 3477 καί
1104 3407 1222 3489 αὖθις·
1247 3417 1280 3476 τί
1303 3415 1413 3478 λύεται

240 3522 352 3609 (εἰσί)
374 3519 467 3601 τάξιν
484 3519 729 3606 ἐπαινουμένην,
754 3523 787 3583 τί
801 3523 959 3601 βιάσεσθε
975 3522 1122 3604 γλῶσσαν
1140 3521 1228 3604 νύμιμ
1246 3519 1412 3585 δουλεύον-

241 3651 310 3706 σαν,
335 3633 367 3690 τί
390 3629 448 3712 τὴν
471 3628 615 3712 κεφαλὴν
640 3626 786 3711 ἀφέντες,
811 3629 923 3692 καὶτὰ
940 3625 1023 3713 ἑξῆς.
1048 3631 1171 3710 γίνεται
1189 3626 1223 3690 δέ
1239 3627 1294 3689 καὶ
1311 3626 1412 3708 διπλῆ

242 3734 449 3822 ἐπαναιμορά,
475 3736 519 3812 ὡς
534 3732 571 3797 τὸ
590 3735 853 3820 Δημοσθενικόν·
878 3740 974 3819 μέχρι
990 3736 1106 3797 τούτου
1122 3735 1296 3812 Λασθένης
1314 3726 1412 3810 φίλος

242 3840 419 3924 δνομάζετο
449 3843 558 3927 (εἰσι)
594 3840 774 3919 Φιλίππου,
808 3840 869 3917 ἕως
899 3838 1090 3920 προύδωκεν
1118 3835 1283 3898 Ὄλυνθον.
1316 3836 1412 3920 μέχρι

240 3952 357 4013 τούτου
380 3946 530 4033 Εὔδημος
557 3949 613 4011 καί
642 3954 759 4027 Σεῑμος
786 3944 804 4009 δ
828 3951 1036 4030 Λαρισσαῖος,
1068 3938 1129 4017 έως
1158 3940 1216 4026 τὴν
1239 3941 1411 4004 Ἑλαττίαν

349 4130 372 4194 1)
391 4130 434 4183 w.
454 4129 526 4184 τοι
544 4127 597 4182 446
616 4144 642 4182 v.
663 4127 695 4181 11
716 4127 759 4196 sp.
779 4127 824 4180 111
843 4125 886 4189 ιο,
904 4125 947 4179 29.

347 4215 372 4281 ¹)
392 4217 509 4287 Spengel
527 4233 575 4287 pro
594 4205 760 4287 κόμματος
777 4214 854 4284 ponit
873 4201 1040 4284 ὀνόματος,

347 4304 373 4372 ⁸)
392 4307 436 4375 Sp.
454 4305 532 4361 uncis
550 4304 662 4360 inclusit
681 4319 776 4359 rorem
800 4293 865 4357 καὶ.

348 4393 373 4460 ⁴)
391 4394 435 4448 W.
454 4393 472 4448 l.
485 4395 510 4449 Ἰ.
528 4395 557 4450 in
575 4392 657 4448 notis.
