3052 4876
662 272 856 347 -61-

244 467 273 544 ε)
298 463 545 543 Anaphora
567 477 646 542 pro
670 461 787 543 ,sed‘
813 460 886 544 (at,
910 460 1074 543 autem)
1098 460 1274 538 posita:

178 609 277 679 Georg.
297 608 312 662 Ι
330 606 390 662 281.
428 606 495 661 Ter
513 612 579 661 sant
597 605 690 661 eonati
708 604 846 675 imponere
865 604 940 661 Pelio
960 604 1056 660 Ossam

228 696 335 751 scilieet
354 703 437 763 atque
456 695 541 751 Ossae
559 695 714 750 frondosum
734 694 873 749 involvere
893 693 1042 762 Olympum.

229 786 293 841 Ter
311 791 391 854 pater
411 789 565 840 exstructos
584 783 692 839 disiecit
711 784 825 839 fulmine
844 789 958 838 montes.

176 896 243 950 hen.
262 894 303 947 VI
322 893 365 947 32.
403 892 465 946 Bis
485 897 600 947 eonatns
620 897 681 946 eret
700 907 778 945 oasns
798 891 929 960 effingere
948 890 975 944 in
996 906 1069 956 auro,

229 983 287 1038 Bis
305 983 412 1051 patriae
431 982 550 1037 eeeidere
568 997 673 1036 manus.

175 1073 211 1128 ib.
230 1073 291 1127 700.
329 1071 394 1126 Ter
413 1077 526 1126 conatus
544 1070 582 1125 ibi
600 1071 668 1125 eollo
688 1070 753 1125 dare
767 1071 894 1126 breoohia
912 1069 1013 1126 oiroom

227 1162 291 1216 Ter
309 1161 414 1215 frastra
433 1175 591 1230 comprensa
610 1175 705 1215 manns
724 1159 824 1223 effnnit
843 1158 942 1226 imago.

173 1272 241 1325 Aen.
260 1270 285 1324 X
304 1269 365 1323 507.
402 1268 424 1324 0
444 1268 520 1323 dolor
538 1273 621 1336 atque
641 1267 722 1323 decus
741 1283 870 1337 magnum
888 1268 1009 1323 rediture
1028 1268 1152 1336 parenti!

227 1360 320 1413 Haeo
338 1367 367 1412 te
385 1357 473 1427 prima
491 1357 549 1411 dies
568 1357 639 1412 hello
658 1357 741 1421 dedit,
761 1358 850 1412 haee
869 1358 963 1412 eadem
981 1358 1081 1412 aufert.

175 1468 241 1521 hen.
262 1465 317 1519 XII
335 1463 378 1518 95.
416 1463 590 1519 Voeiisrans:
609 1464 687 1519 Nune
707 1481 722 1518 o
742 1481 879 1531 nunqnam
898 1464 1033 1518 frustrata
1052 1472 1166 1520 rocetos

229 1555 317 1609 Hasta
336 1569 416 1620 meos,
435 1569 506 1607 nuno
525 1558 632 1622 tempus
651 1552 741 1618 adest;
761 1560 794 1607 te
813 1552 946 1606 maximus
966 1553 1066 1618 Actor,

228 1644 273 1698 Te
293 1642 379 1698 Turni
397 1658 469 1697 nuno
488 1642 584 1696 dextra
602 1642 684 1710 gerit.

176 1753 234 1804 Am.
253 1750 267 1805 I
287 1751 312 1804 X
332 1749 374 1803 43.
413 1748 540 1803 Gratia
561 1765 609 1817 pro
627 1749 707 1803 rebus
724 1749 819 1803 merito
839 1749 953 1804 debetur
971 1748 1107 1818 inemptis,

229 1841 283 1895 Pro
301 1840 371 1894 male
391 1839 523 1893 oondnoto
544 1837 667 1907 gratia
686 1838 760 1893 nniia
779 1845 848 1894 toro.

176 1949 234 2002 Am.
254 1948 297 2001 III
319 1947 356 2000 VI
375 1945 418 2001 69.
456 1945 522 2002 'Per
541 1944 636 2000 molita
655 1946 759 2014 sogam,
780 1951 836 2000 ter
854 1947 887 2000 ad
908 1947 980 2000 altas
999 1945 1104 2001 restitit
1123 1948 1218 2002 undas.

174 2056 238 2109 Her.
259 2055 297 2108 IV
316 2053 342 2108 7.
379 2030 443 2107 Ter
461 2058 550 2108 tecum
570 2060 667 2108 oonata
686 2052 768 2120 loqui,
788 2059 846 2106 ter
864 2052 971 2108 inutilis
990 2052 1080 2107 haesit

228 2142 345 2214 Lingua.

175 2251 238 2307 Her.
258 2251 297 2304 VI
318 2250 377 2305 111.
415 2250 477 2305 Vir
494 2250 589 2306 men's
607 2250 671 2306 hino
689 2249 770 2314 ieras,
789 2248 844 2303 vir
863 2265 917 2304 non
935 2265 1030 2304 mens
1048 2250 1112 2306 inde
1130 2252 1237 2308 redisti.

174 2351 238 2406 Her.
258 2350 298 2402 XI
319 2348 360 2404 15.
398 2350 554 2418 Imperet
573 2348 641 2403 heni
661 2347 761 2411 ventis,
783 2345 904 2401 tumidae
923 2362 976 2402 non
996 2346 1146 2417 imperat
1164 2350 1229 2406 irae.

173 2449 239 2502 Her.
258 2448 329 2501 XIII
349 2449 392 2501 11.
430 2447 536 2502 Ventus
555 2454 617 2500 erat
635 2444 727 2500 nantis
747 2451 859 2514 aptus,
880 2462 933 2500 non
952 2453 1055 2516 aptus
1074 2450 1186 2504 amanti.

176 2545 258 2601 Trist.
278 2545 318 2599 IV
337 2545 380 2610 37,
400 2544 444 2599 62.
480 2545 540 2599 Non
561 2544 663 2599 debet
682 2544 757 2599 dolor
776 2545 844 2610 hino,
864 2544 967 2599 dehet
987 2547 1082 2601 abesse
1100 2549 1196 2616 pudor.

174 2645 216 2699 Ex
235 2645 314 2700 Pont.
334 2645 348 2698 I
367 2644 393 2709 3,
412 2642 455 2699 37.
492 2643 578 2710 Quid
597 2642 694 2698 melius
712 2642 816 2697 nomm
836 2643 961 2712 Scythico
981 2644 1062 2713 qnid
1080 2646 1183 2715 frigore
1201 2648 1297 2716 peIns?

280 2785 446 2867 Exempla
478 2787 553 2852 eius
586 2786 691 2868 modi,
723 2788 762 2849 ut
792 2786 984 2851 seeundum
1018 2789 1215 2868 anaphoras
1239 2807 1346 2856 mern-

172 2895 271 2959 brnrn
294 2895 387 2959 idem
401 2894 517 2958 valeat
533 2910 573 2958 ac
589 2894 715 2959 vocula
731 2895 834 2975 ,tam
845 2896 912 2958 en‘
929 2909 1000 2958 non
1018 2893 1093 2959 fere
1117 2896 1347 2962 inveniuntur.

174 3001 316 3064 Accedit
348 3003 440 3064 enim
463 3003 549 3065 haee
573 3003 699 3066 vocula
726 3003 930 3081 plerumque
954 3003 999 3067 ad
1023 3004 1216 3068 secundum
1240 3021 1348 3070 mern-

174 3107 283 3187 brnm,
305 3109 344 3170 ut
367 3121 437 3170 non
460 3107 529 3169 iam
554 3107 765 3186 anaphoram
795 3124 876 3173 esse
900 3109 1006 3174 dieas.
1045 3108 1164 3175 Velut:

174 3234 240 3288 hiet.
260 3233 299 3287 IX
316 3233 379 3288 260.
417 3232 514 3286 Cetera
532 3248 585 3286 non
605 3233 702 3299 drrro,
722 3233 805 3289 doro
826 3241 916 3288 tamen
938 3235 1035 3290 ultima
1058 3237 1138 3292 vnltn

228 3321 311 3378 Dicta
329 3321 435 3378 tulisse
446 3320 532 3377 Joris.
560 3365 564 3373 .

173 3433 240 3488 hen.
259 3432 289 3486 II
309 3431 368 3487 183.
407 3431 502 3486 Hane
521 3446 569 3498 pro
590 3429 714 3486 Palladio
733 3431 839 3498 moniti,
857 3449 905 3501 pro
924 3432 1033 3489 numine
1053 3434 1125 3489 laeso

226 3520 355 3590 Effigiem
375 3526 507 3587 statuere,
526 3519 606 3575 nefas
624 3535 694 3586 qnae
712 3520 793 3576 triste
811 3521 911 3590 piaret.

226 3610 320 3664 Hane
339 3615 431 3664 tamen
450 3609 608 3663 immensam
627 3609 740 3663 Galohaa
759 3611 888 3666 attollere
910 3611 1007 3665 molem

226 3699 378 3755 Roboribus
396 3699 483 3752 textis
496 3698 623 3766 caeloque
643 3697 863 3752 ednoere‘iussit.

280 3813 426 3880 Restant
457 3813 623 3895 nonnulla
656 3813 824 3895 exempla,
853 3829 872 3876 e
897 3814 1022 3894 quibus
1048 3817 1259 3896 anaphoram
1283 3834 1345 3899 pro

173 3937 271 4005 ,nam,
294 3922 394 3986 enim‘
418 3921 569 4000 positam
593 3936 675 3986 esse
699 3923 882 4000 appareat:

300 4085 332 4171 ζ)
355 4085 595 4167 Anaphora
618 4106 698 4170 pro
722 4092 854 4174 ‚nam‘
880 4091 1039 4177 (enim)
1063 4093 1228 4172 posita.

172 4234 240 4288 Aen.
260 4232 284 4287 V
303 4231 363 4287 637.
400 4231 537 4287 Ardentes
556 4231 622 4289 dare
641 4233 701 4289 vioe
719 4235 807 4290 iaces:
827 4233 885 4288 hio
904 4235 1030 4303 quaerite
1051 4235 1176 4304 Troiam;

226 4321 289 4377 Hie
308 4322 402 4377 domne
420 4325 471 4388 eat,
489 4319 589 4389 inquit,
607 4321 692 4377 vobis.
