3052 4876
661 265 856 334 ..67-.ι

174 451 374 531 amphorae
404 450 559 514 membro
592 464 634 513 ea
666 447 824 512 condicio
856 447 1059 527 inveniatur,
1088 458 1178 525 quae
1202 443 1347 524 copulae
1407 528 1410 533 q

175 576 245 625 non
277 557 497 637 respondeat.
543 554 699 635 Exempli
730 554 841 634 gratia
871 553 1057 617 nonnullos
1088 551 1187 617 locos
1220 550 1349 616 aliero:

175 695 273 771 Georgss
293 700 387 755 1289.
426 699 536 754 Nocte
555 699 631 754 levas
649 698 767 767 stipulae
786 696 891 764 molius,
916 702 1016 752 nocta
1035 695 1113 751 arida
1130 702 1211 765 prata

227 793 400 859 Tomentum
420 796 544 845 noctes
562 791 654 845 lentus
674 805 727 843 uon
748 787 840 842 deficit
858 803 943 843 umor.

175 915 251 995 Quo
275 919 310 982 in
326 916 485 996 exemplo
510 915 701 979 secundum
725 913 923 993 anaphorae
946 915 1138 978 membrum
1160 912 1351 993 respondet

176 1026 320 1105 copulae
342 1025 438 1106 ‚et‘,
462 1023 599 1087 tertium
622 1021 811 1101 particulae
826 1022 962 1102 ‚namt
1000 1019 1075 1084 Non
1100 1019 1197 1084 aliter
1224 1035 1281 1085 res
1310 1035 1350 1084 se

174 1133 279 1195 habet
301 1132 336 1194 in
359 1129 521 1210 Vergilii:

174 1276 240 1329 Aen.
260 1275 284 1327 X
302 1274 364 1330 858.
402 1273 509 1340 Equum
528 1271 590 1326 duci
609 1271 695 1326 inbat.
733 1272 804 1326 Hoc
823 1272 906 1326 dacus
924 1270 974 1337 illi,

228 1365 297 1417 Hoc
315 1364 435 1417 solamen
453 1368 522 1427 erat,
541 1360 619 1416 bellis
638 1363 701 1416 boc
720 1361 808 1417 victor
827 1361 922 1417 abibat
940 1362 1071 1417 omnibus.

283 1466 379 1545 Quos
402 1467 501 1531 locos
534 1467 639 1531 modo
664 1468 943 1550 commemoravi,
972 1467 1061 1531 tales
1086 1471 1192 1550 erant
1217 1471 1257 1533 ut
1280 1468 1347 1534 illis

175 1576 293 1655 primis
318 1575 517 1653 anaphorae
542 1574 704 1637 membris
728 1589 785 1637 res
810 1574 946 1654 aliquae
969 1574 1221 1658 inducerentur,
1244 1577 1347 1641 tertio

175 1683 298 1746 harum
329 1698 444 1746 rerum
469 1697 583 1745 causa.
631 1679 751 1745 Altero
776 1697 867 1745 nunc
891 1681 1014 1764 locum,
1038 1682 1097 1746 ubi
1120 1683 1267 1762 primum
1292 1683 1351 1748 ali-

179 1803 282 1867 quam
312 1804 385 1852 rem
417 1789 579 1869 continet,
608 1788 754 1851 alterum
777 1789 969 1853 membrum
993 1791 1029 1852 et
1051 1789 1190 1854 tertium
1215 1806 1349 1856 causas.

177 1930 449 1987 Heroid.xl1202.·
470 1933 532 1985 bos
552 1947 633 1996 maa,
653 1949 742 2000 qnam,
762 1933 848 1986 dicam
866 1933 891 1986 si
909 1932 960 1987 tibi
979 1932 1086 1998 ‚radde‘‚
1105 1948 1198 2001 noges.

230 2021 297 2074 Dos
316 2038 386 2076 mea
406 2028 437 2076 tn
456 2037 556 2089 sospes,
576 2021 639 2075 dos
658 2029 701 2076 est
720 2037 792 2076 mea
811 2022 898 2076 Graia
909 2022 1047 2076 iuventus.

284 2144 488 2225 Plerumque
515 2146 619 2226 igitur
640 2147 818 2224 anaphora
842 2147 1065 2224 multipartita
1087 2147 1206 2212 reduci
1230 2151 1348 2228 potest

177 2254 221 2317 ad
245 2253 457 2332 anaphoram
491 2253 695 2333 bipertitam.
742 2251 827 2315 Bina
859 2253 951 2316 enim
975 2255 1173 2332 anaphorae
1197 2257 1352 2320 membra

176 2361 234 2422 vel
257 2361 360 2422 etiam
394 2360 492 2437 plura
514 2374 685 2437 persaepe
708 2374 812 2422 unam
836 2359 966 2423 habent
990 2360 1237 2445 condicionem,
1263 2378 1352 2442 quae

179 2465 303 2542 copula
336 2466 412 2543 ,et‘
446 2463 629 2542 complecti
659 2464 747 2545 licet,
778 2467 817 2528 ut
849 2466 956 2530 altera
989 2470 1122 2531 tantum
1150 2469 1283 2549 reliqua
1307 2469 1353 2533 sit

179 2570 346 2634 condicio.
392 2569 463 2634 Iam
487 2571 662 2636 nonnullis
687 2573 855 2652 exemplis
879 2589 953 2636 rem
980 2575 1176 2641 illustrabo:

177 2712 288 2769 Heroid.
308 2716 342 2770 Vl
361 2716 402 2771 47.
442 2716 532 2784 Quid
551 2716 615 2772 mihi
635 2735 706 2773 cnm
727 2719 833 2786 Minyis,
854 2710 936 2788 quid
955 2738 1026 2776 cum
1045 2722 1186 2776 Tritonida
1206 2720 1294 2790 pinu?

231 2804 318 2871 Quid
337 2806 389 2860 tibi
408 2822 480 2860 aum
500 2807 598 2875 patria,
617 2808 714 2864 navita
734 2808 822 2878 Tiphy
842 2809 920 2865 mea?

509 2933 528 2986 ll
547 2935 694 2990 membrum
716 2958 749 2978 =
769 2945 805 3003 et,
825 2937 855 2990 lll
874 2960 907 2980 =
927 2944 1028 2993 autam.

179 3053 232 3106 Ars
251 3069 302 3105 ani.
322 3052 367 3105 13
387 3056 469 3107 arta
489 3055 561 3110 citae
581 3057 696 3125 veloque
715 3065 790 3115 rates
808 3078 935 3130 ramoque
954 3068 1107 3126 morentur,

233 3145 317 3194 Arte
336 3142 409 3195 levas
428 3159 536 3198 currus:
556 3151 635 3200 arta
654 3150 790 3217 regendus
809 3168 892 3207 amor.

508 3267 517 3322 l
537 3291 570 3311 =
590 3276 621 3324 ut
640 3277 708 3340 arte,
727 3274 745 3326 ll
767 3295 800 3316 =
819 3279 856 3338 et,
876 3274 905 3328 lll
926 3296 959 3317 =
980 3274 1030 3329 ita.

178 3397 238 3450 Am.
258 3394 277 3448 ll
296 3395 338 3459 12,
358 3394 400 3449 19.
438 3394 582 3448 Femina
600 3395 736 3452 silvestris
750 3397 883 3466 Lapithas
901 3399 1083 3467 populumque
1103 3398 1246 3455 biformem

231 3485 360 3552 Turpiter
379 3483 504 3553 adposito
523 3483 609 3539 vertit
627 3483 656 3539 in
675 3502 751 3542 arma
769 3503 850 3542 mero.

231 3573 363 3627 Femina
382 3571 513 3627 Troianos
532 3573 631 3628 iterum
652 3589 722 3627 nova
740 3576 812 3629 bella
831 3592 940 3630 morere

232 3661 346 3730 Impulit
363 3661 392 3717 in
411 3677 504 3730 regno,
523 3663 596 3716 iusta
614 3660 723 3728 Latine,
745 3669 801 3717 tuo.

231 3751 373 3806 Femina
393 3751 522 3806 Romanis
541 3751 698 3807 etiamnunc
717 3752 783 3807 urbe
802 3753 904 3808 recenti

230 3841 339 3895 Inmisit
357 3857 463 3896 soceros
482 3858 611 3910 armaque
630 3857 714 3898 saeva
734 3842 817 3899 dedit.

481 3950 491 4002 l
511 3971 544 3992 =
564 3951 602 4005 Ut
621 3950 731 4016 femina,
750 3951 768 4005 ll
791 3973 823 3995 =
842 3960 879 4018 et,
898 3952 928 4007 lll
949 3975 983 3997 ==
1000 3953 1050 4010 ita.

285 4065 407 4132 Restat
434 4073 473 4134 ut
502 4071 600 4138 locos
624 4074 779 4158 afferam,
808 4076 867 4140 ubi
891 4078 956 4141 sub
982 4078 1129 4158 singulis
1153 4080 1353 4160 anaphorae

179 4176 342 4240 membris
367 4176 552 4256 singularis
575 4179 660 4246 latet
683 4182 851 4247 condicio.
889 4181 972 4248 Loci
995 4185 1070 4251 eius
1095 4187 1191 4251 modi
1214 4203 1352 4266 perraro

179 4285 371 4367 occurrunt,
395 4285 511 4348 velut:
