3052 4876
664 262 864 335 -66-

181 460 221 522 Ib.
241 463 347 527 Xoal.
669 468 715 536 qui
735 468 862 523 conditus
881 467 977 521 arbore
997 483 1119 536 nuper,

122 597 126 606 .
233 557 351 626 Nuper
371 564 431 612 erat
449 556 568 626 genitus.

180 664 220 720 lb.
240 664 276 718 Xl
295 663 357 719 141.
395 663 484 719 Suhde
503 674 586 732 caput
605 681 754 733 corpuaque
773 664 888 730 simul,
914 664 1016 719 simul
1035 664 1097 718 elue
1116 664 1228 730 crimen,

179 753 219 808 Ib.
239 754 275 808 Xl
293 753 354 809 305.
391 754 491 809 Videre
509 755 578 809 hanc
597 754 745 823 pariter,
765 753 903 822 pariter
922 760 1032 808 traxere
1050 755 1173 819 colorem,

179 843 219 901 lb.
239 843 284 897 Xll
303 843 363 896 418.
401 844 544 898 Intrarunt
562 843 712 911 pariter,
732 843 866 911 pariter
885 842 944 897 fera
964 843 1035 897 bella
1053 844 1195 912 gerebant,

179 932 219 986 Ib.
239 933 290 985 XV
308 932 368 986 629.
411 931 621 1001 Temptamenta
640 932 746 998 nihil,
766 931 853 985 nihil
873 938 947 986 artes
967 946 1045 1000 posse
1063 933 1227 996 medentum,

179 1022 239 1075 Am.
258 1022 279 1075 ll
298 1020 322 1084 4,
342 1020 384 1075 39.
423 1020 545 1075 Candida
563 1036 605 1074 me
625 1021 755 1089 capiet,
774 1020 894 1089 capiet
913 1036 955 1074 119
973 1020 1046 1074 dara
1065 1020 1163 1088 puella,

179 1110 239 1165 Am.
258 1110 288 1163 lll
308 1110 332 1177 1,
352 1110 393 1164 11.
432 1109 587 1177 Nequitiam
605 1110 701 1165 vinosa
721 1117 795 1164 tuam
814 1110 942 1164 convivia
961 1117 1126 1176 narrant,

233 1198 392 1254 Narrant
411 1198 439 1253 in
458 1199 559 1255 multas
579 1197 690 1267 conpita
708 1205 782 1254 aecta
801 1198 872 1256 vias.

178 1305 238 1360 Am.
257 1306 290 1359 lll.
306 1306 330 1371 9,
352 1306 375 1359 1.
413 1305 557 1361 Memnona
575 1305 598 1360 si
617 1316 742 1372 mater,
762 1312 876 1361 mater
895 1306 1014 1376 ploravit
1033 1308 1172 1373 Achillem,

178 1395 228 1463 Ep.
247 1395 298 1449 XV
318 1393 403 1462 (XVI)
422 1394 483 1449 354.
521 1394 574 1448 Illa
592 1395 658 1449 viris
678 1395 792 1461 dives,
812 1395 910 1450 dives
930 1396 1051 1450 abundat
1070 1396 1154 1463 equis.

179 1484 262 1538 Triat.
281 1484 316 1538 lV
336 1484 359 1549 1,
380 1483 422 1539 13.
460 1483 604 1538 Cantantis
623 1483 775 1552 pariter,
795 1485 934 1552 pariter
953 1485 1019 1539 data
1037 1500 1122 1552 pensa
1140 1485 1290 1539 trahentia.

285 1641 360 1720 Qua
393 1645 428 1707 in
459 1660 496 1707 re
527 1659 597 1707 non
630 1643 852 1708 intermittam
884 1645 1071 1708 ostendere
1102 1661 1122 1708 e
1156 1645 1216 1709 tali
1255 1661 1356 1724 repe-

176 1751 307 1834 titione,
348 1753 485 1832 qualem
524 1752 629 1815 modo
669 1753 830 1833 tractavi,
870 1753 999 1831 optime
1040 1752 1206 1834 intellegi,
1249 1769 1356 1833 quam

177 1874 298 1936 uerum
330 1859 376 1922 sit
398 1858 480 1922 illud
505 1857 598 1921 Birtii
620 1858 817 1936 anaphorae
848 1860 1000 1922 muneris
1023 1859 1185 1923 iudicium
1210 1862 1247 1923 et
1270 1861 1357 1940 quid

178 1965 224 2029 sit
239 1981 308 2045 quo
326 1966 502 2044 anaphora
524 1981 545 2027 a
567 1965 691 2028 ceteris
707 1965 922 2044 repetitionis
938 1965 1061 2044 figuris
1078 1965 1226 2031 differat.
1265 1966 1357 2032 Nam

178 2072 256 2137 talis
289 2073 465 2151 anaphora
496 2072 670 2135 nonnullis
702 2072 917 2150 repetitionis
941 2071 1064 2151 figuris
1089 2075 1144 2137 est
1168 2073 1357 2159 simillima,

177 2182 215 2244 ut
250 2181 280 2243 si
316 2180 393 2260 quis
428 2179 562 2259 figurae
598 2181 749 2259 speciem
781 2182 925 2261 tantum,
957 2196 1028 2243 non
1061 2185 1176 2246 autem
1206 2197 1357 2247 sensum

176 2286 346 2368 respiciat,
370 2288 498 2350 nullam
523 2287 663 2350 omnino
696 2291 815 2350 notam
848 2286 1054 2350 discriminis
1084 2289 1220 2352 haheat.
1258 2287 1359 2366 Quo-

176 2394 282 2458 modo
307 2394 398 2457 enim
423 2410 530 2457 sensu
550 2395 710 2473 neglecto
736 2394 875 2457 differre
900 2393 995 2458 dices
1019 2395 1178 2474 exempla
1199 2396 1310 2461 haec:

176 2537 226 2606 Ep.
246 2537 296 2590 XV
317 2537 377 2592 347.
414 2538 454 2591 Te
473 2554 578 2606 quoque
597 2537 642 2604 qui
662 2537 795 2606 rapuit,
815 2538 935 2606 rapuit
955 2538 1076 2592 Minoida
1094 2539 1223 2593 Theseus.

175 2636 225 2704 Ep.
245 2635 290 2688 Vll
310 2635 369 2689 103.
389 2635 472 2690 Nulla
490 2651 566 2689 mora
585 2641 635 2699 est,
656 2636 775 2701 venio,
797 2635 897 2690 verrio
917 2636 967 2689 tihi
987 2636 1079 2690 dedita
1099 2636 1221 2690 coniunx.

176 2733 251 2787 Faat.
271 2732 358 2787 1361.
398 2734 484 2801 Culpa
502 2733 544 2788 sui
563 2733 698 2797 nocuit,
718 2734 839 2787 nocuit
858 2749 963 2800 quoque
982 2734 1062 2802 culpa
1082 2734 1216 2801 capellae.-

176 2892 260 2973 Quis
294 2897 409 2958 autem
441 2895 578 2974 ignorat
607 2895 642 2957 in
675 2895 785 2973 primo
816 2895 874 2958 illo
908 2897 1067 2975 exemplo
1100 2899 1241 2975 propter
1267 2912 1351 2962 sen-

175 3003 302 3067 tentias
339 3002 541 3081 inaequales
573 3002 714 3066 omnino
751 3018 821 3066 non
850 3018 930 3066 esse
954 3003 1059 3066 ullam
1082 3002 1241 3087 liguram,
1264 3005 1355 3070 illud

176 3109 368 3173 secundum
392 3109 434 3172 ad
451 3108 674 3187 premendam
691 3124 814 3172 vocem
838 3111 1000 3190 ,venio‘
1023 3110 1242 3173 iterationem
1266 3127 1355 3176 con-

174 3218 288 3281 tinens
306 3232 387 3279 esse
404 3216 747 3297 conduplicationem,
771 3217 804 3278 in
823 3219 923 3280 tertio
946 3217 1177 3293 coniungendi
1202 3219 1356 3284 easdem

175 3325 368 3388 sententiae
391 3327 507 3404 partes
532 3340 638 3388 causa
660 3340 784 3388 vocem
815 3326 1004 3405 ,nocuit‘
1028 3340 1109 3388 esse
1132 3323 1356 3404 repetitam?

173 3427 242 3495 Sed
264 3433 351 3495 haec
375 3431 551 3496 hactenus.
591 3430 798 3509 Anaphorae
821 3432 1009 3511 tripertitae
1032 3434 1089 3495 vel
1113 3433 1216 3496 etiarn
1240 3432 1354 3510 pluri-

173 3539 238 3602 bus
263 3539 426 3602 membris
450 3539 665 3615 compositae
688 3537 751 3601 liat
774 3539 912 3602 mentio.

434 3896 469 3980 b)
493 3895 736 3975 Anaphora
764 3898 1085 3976 multipartita.

279 4073 464 4154 Anaphora
479 4076 702 4155 multipartita
714 4076 828 4139 varias
845 4075 921 4140 illas
939 4078 1136 4156 anaphorae
1160 4076 1351 4157 bipertitae

172 4182 395 4247 condiciones
427 4197 496 4245 non
529 4182 688 4263 excludit,
724 4182 767 4245 ad
798 4199 989 4263 perpaucas
1013 4187 1138 4264 tamen,
1161 4200 1212 4248 ne¹
1231 4185 1350 4252 dicam

171 4305 285 4371 unarn,
316 4291 496 4369 tantopere
527 4289 675 4371 inclinat,
708 4292 746 4353 ut
776 4306 881 4371 aegre
911 4291 945 4353 in
978 4291 1132 4355 secundo
1159 4292 1216 4356 vel
1239 4293 1349 4361 tertio
