3052 4876
668 290 864 360 *652

178 475 289 554 gratia
323 490 385 554 pro
421 471 587 555 particula
622 474 751 538 causali
787 475 843 538 est
877 473 1038 554 positum,
1072 488 1134 554 per
1166 489 1206 538 se
1239 472 1353 553 ipsum

127 633 133 642 .
179 583 283 661 patet
328 579 452 646 Velut:

179 745 243 799 liet.
262 743 307 797 Vll
326 743 387 798 830.
425 742 503 810 Quod
521 743 588 798 nihil
608 750 651 798 est
669 744 817 810 metuit,
842 741 974 799 metuit
992 742 1050 798 eine
1070 758 1182 812 corpore
1200 757 1305 808 nomen,

179 853 239 914 aut
261 866 323 929 pro
348 849 515 930 particula
537 853 623 932 ,at‘,
647 852 839 932 ,autem‘,
862 853 917 914 ut:

180 958 245 1010 llet.
265 957 311 1011 Vll
329 957 391 1012 799.
428 957 550 1026 Coniuge
568 974 642 1012 erem
660 956 763 1024 felix,
782 956 873 1013 felix
892 964 954 1014 eret
972 957 1021 1013 11111
1033 956 1140 1012 monto.

179 1045 249 1110 Aut
271 1061 334 1125 pro
357 1048 422 1126 ‚ut
440 1084 479 1094 -
495 1046 583 1128 ita‘,
606 1047 720 1110 velut:

180 1154 231 1222 Ep.
251 1153 301 1207 XX
320 1152 363 1218 21,
384 1153 443 1209 123.
476 1153 615 1223 Cydippen
633 1168 778 1222 pomum,
796 1169 927 1222 pomum
946 1152 1114 1209 Schoeneida
1131 1153 1212 1222 oepit.

179 1240 248 1305 Aut
270 1258 332 1322 pro
357 1258 453 1324 ,non
478 1243 621 1308 solum
642 1280 675 1288 -
699 1242 780 1306 sed
803 1243 969 1325 etiam‘,
992 1244 1053 1306 ut:

180 1350 244 1403 liet.
264 1349 309 1402 Vll
328 1349 389 1403 445.
427 1349 513 1404 Terra
531 1354 618 1416 neget
636 1349 893 1416 eademeadem
913 1354 999 1418 negot
1017 1350 1122 1405 ossibus
1140 1349 1223 1405 undo.

180 1456 270 1510 Amor.
291 1456 310 1509 ll
329 1454 371 1520 19,
389 1455 415 1511 5.
453 1455 595 1524 Speremus
614 1454 766 1524 pariter,
786 1456 936 1525 pariter
956 1464 1109 1512 metuamus
1129 1462 1261 1512 amantes.

181 1545 256 1599 Rem.
277 1546 408 1599 11111107.
446 1544 573 1600 Nutritur
593 1552 713 1600 vento.
733 1551 840 1601 rento
861 1545 1040 1614 restringitur
1058 1545 1140 1614 ignis.

181 1633 250 1698 Aut
272 1635 431 1715 denique,
456 1649 534 1697 eum
558 1634 646 1698 aliae
669 1634 738 1698 iam
755 1637 895 1699 exstant
911 1634 1114 1718 particulae,
1137 1635 1247 1698 velut:

181 1741 246 1796 liet.
265 1742 290 1795 V
309 1741 369 1796 483.
408 1743 445 1795 111
463 1742 557 1795 modo
575 1741 616 1795 sol
635 1741 773 1808 nimios,
794 1741 921 1796 nimius
940 1743 1017 1797 modo
1036 1740 1150 1809 corripit
1167 1740 1261 1796 imber.

181 1882 285 1948 Plane
314 1884 404 1948 eninr
437 1885 511 1950 erat
541 1884 692 1950 alienum
724 1885 766 1949 ah
798 1901 851 1968 eo,
887 1883 982 1965 quod
1012 1882 1138 1948 Birtius
1169 1883 1355 1949 ostendere

180 1990 214 2054 in
239 1990 440 2055 Halieuticis
465 1991 532 2055 sihi
555 1994 795 2074 proposuerat,
822 1991 995 2070 respicere
1019 1991 1127 2072 loeoS,
1150 1991 1208 2055 uhi
1233 2006 1355 2055 secun-

181 2097 264 2161 dum
280 2099 478 2176 anaphorae
492 2099 686 2162 membrum
703 2098 849 2178 copulae
871 2113 941 2162 non
966 2098 1203 2176 responderet
1243 2095 1355 2178 Copu-

180 2207 249 2268 lam
280 2205 338 2288 (et,
362 2206 442 2290 que)
467 2207 584 2270 autem
610 2220 816 2270 concessam
841 2220 923 2268 esse
944 2206 979 2269 in
1002 2205 1063 2269 tall
1087 2205 1263 2285 anaphora
1290 2205 1356 2286 vel,

181 2315 220 2376 ut
249 2313 297 2376 ait
323 2311 459 2395 Bittius,
490 2329 536 2377 ne
568 2313 745 2377 abundare
775 2311 914 2392 quidem
948 2326 1051 2375 nemo
1080 2311 1273 2393 dissentiat,
1298 2310 1357 2391 qui

182 2435 306 2482 omnes
339 2421 431 2497 apud
463 2419 653 2499 Vergilium
686 2421 721 2482 et
753 2414 913 2483 Ovidium
944 2418 1140 2498 anaphoras
1176 2417 1355 2497 bipertitas

184 2524 369 2604 collegerit.
408 2523 493 2589 Nam
519 2541 597 2589 cum
621 2526 828 2607 anaphorae,
852 2540 996 2606 quarum
1019 2526 1175 2589 membra
1197 2525 1357 2604 longiore

180 2632 364 2697 intervallo
381 2634 463 2696 sunt
479 2632 659 2711 disiuncta,
683 2633 806 2712 copula
822 2633 1024 2712 plerumque
1045 2633 1193 2712 careant,
1227 2632 1261 2694 iu
1296 2632 1356 2695 tali

181 2738 358 2817 anaphora
382 2743 453 2802 tam
469 2739 589 2804 crebro
606 2734 678 2804 vo'x
700 2743 771 2822 ,et‘
796 2740 852 2804 vel
875 2742 994 2822 ,que‘
1019 2737 1295 2820 deprehenditur,
1318 2740 1357 2802 ut

139 2898 143 2905 .
181 2845 240 2909 vix
265 2846 449 2927 quisquam
477 2847 595 2924 plures
619 2848 718 2911 locos
743 2846 869 2911 alierre
893 2850 1007 2931 queat,
1036 2848 1096 2912 ubi
1119 2848 1228 2928 deest,
1252 2861 1356 2924 quam

181 2952 241 3016 ubi
275 2956 391 3015 exstat
426 2953 558 3031 copula.
608 2952 778 3016 Locorum
813 2955 904 3017 enim
941 2956 1064 3035 copula
1100 2954 1289 3018 carentium
1321 2955 1357 3016 et

183 3060 308 3139 copula
340 3061 589 3124 abundantium
621 3077 682 3138 par
712 3059 787 3124 lere
818 3065 872 3125 est
903 3078 1078 3127 numerus
1124 3060 1205 3126 Loci
1233 3060 1357 3138 copula

183 3168 341 3230 carentes
366 3167 448 3230 sunt
469 3166 522 3229 hi:

181 3328 283 3398 Georg.
302 3327 337 3382 lV
356 3327 418 3382 341.
455 3326 567 3394 otioque
588 3333 617 3381 et
635 3329 722 3383 Beroe
742 3345 825 3397 soror,
844 3328 1017 3384 Oceanitides
1036 3330 1172 3393 amhae,

235 3419 361 3474 Ambae
380 3433 454 3485 auro,
475 3416 556 3486 pictis
576 3414 712 3472 incinctae
730 3419 847 3488 pellibus
867 3420 971 3485 amhae,

180 3527 247 3580 Aen.
266 3525 312 3580 Vll
330 3526 383 3580 337
401 3524 453 3580 tihi
472 3524 581 3580 nomina
601 3524 711 3591 mille,
732 3526 829 3582 llille
848 3527 963 3583 nocendi
982 3533 1064 3592 artes,

180 3635 246 3688 Aen.
268 3632 402 3686 1111101.
438 3632 532 3687 Palles
550 3631 613 3686 hnic
631 3630 703 3686 filine
723 3648 806 3699 une,

232 3721 305 3777 Una
323 3737 414 3776 omnes
433 3721 561 3777 iuvenum
579 3720 659 3790 primi
679 3737 834 3790 pauperque
854 3729 965 3778 senatus

232 3811 307 3867 Tura
327 3813 436 3868 dehent.

178 3922 244 3975 Aen.
267 3920 322 3974 Vlll
340 3920 399 3975 545.
437 3921 582 3977 Euandrus
601 3919 755 3990 pariter,
776 3919 920 3989 pariter
939 3920 1059 3976 Troiane
1076 3920 1216 3987 iuventus,

179 4028 244 4079 liet.
264 4027 293 4079 lll
312 4026 373 4079 306.
411 4026 551 4081 Saevitiae
570 4026 748 4096 flammaeque
766 4028 893 4095 minue,
912 4027 1027 4082 minus
1046 4027 1152 4083 eddidit
1171 4028 1236 4095 irae,

178 4132 217 4186 lh.
237 4132 262 4186 V
281 4131 341 4185 567.
381 4131 448 4185 (ium
466 4136 554 4187 matre
573 4140 617 4187 eet
635 4135 796 4202 totidem,
815 4136 961 4191 totidem
980 4152 1041 4192 cum
1055 4135 1170 4203 coniuge
1189 4150 1303 4201 menses,

176 4239 216 4293 Ih.
238 4237 293 4292 Vlll
312 4237 372 4292 718.
410 4238 441 4300 ,Ο
462 4236 598 4304 coniunx‘,
617 4238 712 4294 dixere
731 4240 853 4307 simul,
872 4242 979 4298 simul
998 4242 1093 4298 abdite
1112 4241 1184 4296 texit

231 4329 286 4386 Ora
304 4329 407 4384 frutex.
1231 4402 1248 4456 5
