3052 4876
766 299 965 378 μεθ..

275 487 494 572 superabat?
519 493 554 554 at
569 491 718 570 egebas!
756 488 859 573 Haec,
882 492 1001 573 inquit,
1024 494 1133 558 incise
1149 495 1240 559 dicta
1256 499 1337 559 sunt
1352 500 1456 574 quat-

279 603 374 681 tuor;
398 601 435 663 at
457 599 674 662 membratim
699 614 788 677 quae
813 604 1005 679 sequuntur
1021 603 1106 665 duo:
1130 602 1312 681 ,Incurristi
1328 620 1456 669 amens

277 708 312 771 in
346 707 535 787 columnas,
566 706 600 768 in
634 706 767 769 alienos
800 707 945 771 insanus
976 708 1153 772 insanisti!
1199 709 1293 774 Haec
1323 727 1381 775 res
1416 717 1457 776 ut

279 815 382 879 etiem
422 815 465 877 ah
506 812 573 876 alio
609 815 750 875 auctore
787 814 984 894 illustretur,
1023 815 1204 879 audiamus
1243 815 1413 896 Aquilam.
1427 821 1453 903 1)

278 921 485 1004 ,Membrum
516 920 635 1002 inquit,
669 922 724 983 est
755 936 835 998 pars
869 922 1036 985 orationis
1069 938 1113 985 ex
1145 923 1299 1001 pluribus
1332 927 1453 990 verbis

278 1030 438 1094 absolute
455 1027 583 1105 aliquid
600 1025 812 1108 significans,
828 1029 896 1091 hoc
912 1030 1036 1092 modo:
1059 1027 1132 1092 Etsi
1151 1045 1283 1105 vereor,
1306 1030 1453 1115 iudiceS,

277 1153 322 1200 ne
345 1139 445 1215 turpe
468 1135 515 1198 sit
537 1150 599 1214 pro
622 1134 815 1197 fortissimo
840 1135 913 1198 viro
938 1136 1052 1200 dicere
1074 1137 1293 1216 incipientem
1317 1139 1452 1204 timere.

278 1241 426 1309 Caesum
450 1245 566 1306 eutem
591 1243 647 1304 est
669 1257 748 1319 pars
773 1242 949 1322 orationis,
979 1245 1133 1307 nondum
1159 1261 1203 1308 ex
1227 1246 1364 1308 duobus
1389 1250 1454 1311 aut

276 1350 431 1430 pluribus
455 1349 571 1412 verbis
596 1348 780 1426 quicquam
805 1348 964 1412 absolute
988 1349 1201 1433 significans,
1232 1352 1300 1416 hoc
1323 1355 1451 1419 modo:

276 1456 349 1522 Etsi
382 1448 513 1536 vereor,
545 1469 590 1518 ne
623 1457 722 1533 turpe
755 1455 808 1517 sit.
854 1453 1120 1535 Nonnumquam
1156 1461 1271 1522 tamen
1307 1475 1451 1525 caesam

277 1564 423 1628 dicimus
456 1561 657 1641 orationem,
691 1561 852 1639 quotiens
884 1577 953 1624 non
988 1561 1185 1627 efficiuntur
1215 1568 1368 1630 membra
1404 1585 1450 1632 ex

277 1673 469 1739 conexione
493 1671 686 1750 verbomm,
711 1670 775 1732 sed
799 1671 936 1749 singula
953 1672 1102 1749 quodvis
1121 1672 1353 1750 significantia
1367 1691 1450 1752 pro-

274 1780 431 1844 feruntur
454 1778 499 1842 ad
521 1777 627 1840 istum
650 1777 809 1845 modum:
841 1772 925 1852 Quis
957 1781 1012 1840 est
1035 1779 1102 1841 iste
1126 1777 1262 1858 Lollius
1287 1782 1450 1859 quisine
1508 1822 1512 1828 ,

274 1887 366 1951 ferro
391 1901 435 1950 ne
458 1900 550 1949 nunc
573 1884 713 1963 quidem
737 1887 852 1947 tecum
878 1881 961 1947 est‘?
1008 1883 1091 1959 Quis
1117 1890 1172 1950 est
1195 1888 1262 1950 iste
1285 1887 1449 1955 Lollius‘?

275 1996 423 2075 armiger
454 1990 627 2073 Catilinae,
661 1991 807 2070 stipator
838 1984 887 2054 tui
916 1993 1078 2074 corporis,
1112 1994 1302 2057 concitator
1331 1996 1448 2061 taber-

274 2103 419 2182 niorum,
450 2115 643 2179 percussor,
676 2097 846 2176 lapidator
875 2098 950 2182 fori,
983 2100 1210 2179 depopulator
1235 2103 1356 2166 curiae.
1405 2103 1449 2170 Et

274 2208 353 2271 alibi
385 2207 476 2285 apud
510 2206 657 2269 eundern
690 2208 878 2269 oratorem:
910 2203 1062 2271 Comites
1092 2206 1140 2269 illi
1172 2208 1296 2272 delecti
1319 2225 1447 2276 manus

274 2317 372 2378 erant
394 2318 483 2395 tuae,
508 2313 654 2394 accensi,
678 2313 811 2394 medici,
836 2313 1022 2395 aruspices,
1047 2315 1180 2378 scribae
1205 2331 1329 2379 manus
1346 2323 1447 2383 erant

273 2424 362 2503 tuae,
401 2425 439 2485 ut
473 2420 631 2499 quisquis
666 2423 701 2483 te
722 2419 966 2486 ,familiaritate
1001 2421 1171 2503 attigerat,
1211 2423 1258 2486 ita
1292 2426 1446 2491 maxime

213 2565 216 2570 ·
274 2545 399 2594 manus
423 2531 482 2592 tua
506 2525 707 2607 putabatum
752 2527 847 2592 Idem
871 2529 987 2592 rhetor
1014 2529 1120 2592 hahet
1147 2530 1250 2593 etiam
1275 2533 1444 2615 exempla,

274 2639 306 2700 in
331 2637 455 2715 quihus
480 2636 634 2699 membra
658 2636 826 2699 etincisa
842 2652 918 2699 curn
944 2636 1121 2715 anaphora
1137 2639 1321 2702 coniuncta
1338 2655 1441 2718 appa·

271 2748 355 2807 rent.
402 2741 623 2821 Anaphoram
658 2741 740 2803 κατὰ
775 2741 880 2804 motor
914 2742 998 2805 illud
1033 2739 1208 2808 Ciceronis
1247 2747 1440 2811 existimat:

270 2849 362 2933 ,llle
396 2850 513 2914 venire
545 2850 668 2912 hostes
702 2850 881 2929 nuntiavit,
915 2849 997 2912 ille
1029 2865 1095 2913 vos
1128 2850 1163 2914 in
1197 2855 1328 2916 metum
1360 2854 1442 2918 belli

271 2957 444 3038 compulit,
467 2956 549 3020 ille
571 2957 607 3019 in
630 2956 778 3019 tumultu
802 2958 840 3019 ut
857 2956 978 3019 civitas
995 2960 1091 3021 esset
1107 2957 1243 3023 effecit!
1279 2960 1441 3039 Anapho-

270 3081 343 3130 ram
368 3066 483 3129 autem
501 3062 583 3125 κατὰ
599 3061 707 3143 κόμμα
728 3064 834 3127 hahet
850 3064 955 3127 hanc:
979 3062 1156 3145 ,Verres
1174 3069 1440 3133 calumniatores

269 3173 475 3253 apponebat,
502 3170 671 3236 Verres
696 3171 739 3234 de
763 3187 870 3235 causa
893 3175 1137 3255 cognoscebar,
1165 3174 1336 3238 Verres
1359 3191 1439 3252 pro-

269 3279 466 3343 nuntiabat!
512 3274 644 3354 Quodsi
678 3281 713 3341 et
737 3277 911 3342 Ciceronis
944 3281 979 3342 et
1005 3279 1147 3360 Aquilae
1171 3281 1330 3357 exempla
1355 3294 1436 3341 con-

267 3385 432 3467 feruntur,
456 3384 598 3449 difficile
623 3385 669 3448 sit
692 3385 735 3448 ad
752 3385 1016 3468 diiudicandum,
1048 3386 1128 3465 quid
1153 3384 1290 3462 singula
1305 3399 1436 3463 genera

159 3524 162 3529 ·
268 3492 437 3556 differant.
474 3491 575 3570 Apud
589 3491 845 3571 Hermogenem
868 3497 983 3558 autem
1007 3494 1042 3555 in
1065 3490 1233 3554 brevitate
1257 3495 1292 3555 et
1316 3494 1436 3571 ampli-

266 3600 386 3662 tudine
410 3599 570 3663 dictionis
594 3601 678 3676 puto
704 3600 888 3664 discrimen
913 3615 994 3664 esse
1017 3598 1261 3676 quaerendum.

372 3723 443 3787 Iam
475 3723 705 3804 Hermogenis
741 3728 951 3805 anaphoram
987 3721 1068 3785 κατὰ
1103 3722 1207 3784 κολον
1242 3726 1436 3790 accuratius

266 3832 535 3896 consideremus.
570 3831 683 3896 Habet
706 3837 821 3897 autem
846 3833 1059 3909 exemplum:
1086 3833 1188 3913 Μέχρι
1209 3832 1326 3892 τούτου
1350 3839 1436 3894 ,Διοσ-

264 3941 367 4022 θένης
398 3935 494 4020 φίλος
526 3936 711 4018 ὠνομάζετο
746 3939 924 4011 Φιλίππου,
958 3932 1019 4009 ἕως
1042 3933 1233 4018 προῦδωκεν
1261 3931 1435 4002 Ὄλυνθον.

265 4048 369 4125 Μέχρι
397 4047 513 4106 τούτου
547 4045 714 4125 Τιμόλαος,
746 4043 807 4119 ἕως
831 4042 981 4104 ἀπώλεσε
1008 4043 1121 4127 &qdod
1168 4041 1321 4108 Ealldem
1353 4061 1435 4109 alla-

263 4152 407 4231 phoram
432 4150 626 4216 Alexander
659 4152 830 4230 duplicem
862 4152 972 4231 vocat,
1006 4149 1136 4232 Aquila,
1168 4154 1206 4214 ut
1229 4152 1436 4236 videbimus,

370 4367 393 4435 ¹)
412 4368 500 4422 Halm.
520 4368 563 4422 27.
582 4368 624 4422 32.
