3052 4876
663 306 863 370 ,ις-

175 484 240 551 ύπδ
267 486 426 570 Φιλίππῳ
452 483 594 570 ἐποίησε.
627 496 692 548 τῶν
721 482 779 565 μὲν
804 482 865 567 γὰρ
890 487 1032 569 πρώτων
1056 483 1168 546 κώλων
1192 480 1229 546 τὸ
1253 485 1348 566 μέχρι

175 593 290 679 μόριον
316 592 422 678 ἄρχει,
457 604 523 654 τῶν
555 591 723 676 δευτέρων,
752 588 789 653 τὸ
815 586 895 666 ἕως·
927 589 981 652 καὶ
1006 585 1023 652 δ
1047 588 1226 672 θεόλογος·
1256 589 1348 674 παρὰ

176 702 345 776 τοσούτοις
368 697 399 763 oi
424 699 572 782 ἡμέτεροι
600 696 786 773 παιδευταί,
812 691 893 780 παρ’
918 694 1007 773 ὅσοις
1030 694 1064 758 αί
1087 697 1230 781 Ἀθῆναι.
1256 696 1349 781 παρὰ

175 809 343 883 τοσούτοις
376 804 409 869 δὲ
441 805 543 888 ἡμεῖς,
578 799 659 889 παρ’
685 803 774 879 ὅσοις
802 801 833 866 σί
866 801 1059 866 παιδευταί·
1084 804 1138 866 καὶ
1167 803 1286 866 πάλιν·
1311 802 1349 866 σὺ

175 912 232 976 τὸν
255 913 389 994 βασιλέα
413 911 500 995 κάγὼ
524 909 581 974 τόν
597 905 729 973 Ἰωσίαν.
755 914 877 992 γίνεται
901 907 935 972 δὲ
952 909 1053 972 πόλιν
1069 912 1123 972 καὶ
1140 907 1347 994 ἐπαναφορὰ,

177 1017 256 1083 ὅταν
279 1029 318 1103 τῇ
343 1017 484 1104 ἀρχούσῃ
509 1017 594 1097 λέξει
621 1015 728 1101 ἕτεραι
753 1014 1002 1097 ίσοδυναμούσαι
1029 1015 1190 1101 ληφθεῑεν
1205 1013 1264 1079 έπί
1285 1027 1350 1079 τῶν

176 1125 284 1189 ἀλλων
301 1125 424 1202 κώλων,
450 1125 495 1201 ὡς
511 1124 557 1200 τό,
584 1121 735 1187 ἐπέδωκα
754 1135 793 1208 τῇ
811 1123 908 1208 πόλει
933 1171 939 1184 .
966 1172 973 1185 .
998 1170 1006 1186 .
1032 1171 1039 1185 .
1063 1123 1128 1186 Καὶ
1145 1121 1162 1185 δ
1180 1123 1348 1207 δεολόνσς·

175 1231 194 1315 η
218 1229 253 1296 έκ
277 1243 334 1318 της
358 1231 460 1318 ἀρχῆς
484 1231 577 1317 ἀρχή,
602 1229 639 1293 τὸ
665 1227 699 1293 ἐκ
722 1241 781 1294 τοῦ
805 1227 917 1314 φωτὸς
940 1241 1021 1314 φῶς,
1046 1230 1065 1312 ἡ
1088 1230 1175 1315 πηγὴ
1192 1241 1249 1316 της
1266 1229 1351 1316 ζωῆς

175 1339 228 1402 καί
253 1349 310 1426 τῆς
329 1338 531 1415 ἀθανασίας.
557 1337 611 1401 καὶ
636 1337 754 1400 πάλιν·
781 1336 922 1421 ἀόρατος
946 1333 1072 1422 δρᾶται,
1099 1333 1116 1398 δ
1141 1337 1271 1422 ἀναφὴς
1289 1347 1350 1422 φη-

176 1445 331 1530 λαφᾶται,
357 1443 374 1508 ό
400 1445 539 1532 ἀηρονος
563 1443 708 1530 ἄρχεται.
735 1441 962 1524 ἰσοδυναμοῦσι
987 1445 1048 1528 γὰρ
1074 1443 1107 1507 αί
1128 1437 1286 1529 ἀρχουσαι
1302 1443 1350 1506 λέ-

116 1572 120 1579 ’
177 1554 244 1632 ξεις
267 1550 323 1616 τὸν
347 1550 445 1616 αύτδν
469 1555 692 1638 σημαίνουσαι.

281 1658 405 1726 Exstat
427 1660 531 1725 eiiam
554 1659 623 1723 alia
646 1659 899 1738 amphorarum
923 1658 1106 1738 dispositio
1130 1661 1165 1723 in
1189 1659 1348 1724 eiusdem

177 1767 332 1830 auctoris
357 1767 512 1830 secun-do
539 1766 635 1848 libro,
665 1766 722 1845 qui
746 1766 895 1849 σχήματα
920 1763 1067 1840 διανοίας
1090 1767 1251 1830 continet.
1289 1764 1351 1831 Est

175 1873 309 1936 ¹autom:
322 1873 346 1956 ¹)

284 1981 411 2041 Γίνεται
441 1977 473 2042 δὲ
505 1977 523 2061 ἡ
555 1976 752 2064 ἐπαναφορὰ
782 1977 864 2042 ποτὲ·
896 1977 955 2060 μὲν
985 1976 1042 2047 ἐπὶ
1069 1990 1134 2041 τῶν
1166 1979 1350 2062 ἡγουμένων

178 2086 302 2162 κώλων,
329 2084 373 2161 ὡς
397 2082 461 2164 ἔχει
488 2086 527 2148 τὰ
552 2090 792 2172 προειρημένα·
818 2085 901 2149 ποτὲ
925 2083 959 2148 δὲ
984 2082 1041 2150 ini
1056 2097 1120 2148 τῶν
1136 2083 1209 2172 ἑξῆς
1225 2086 1269 2162 ὡς
1284 2083 1349 2166 ἔχει

177 2189 215 2255 τὸ
231 2191 496 2276 Δημοσθενικόν.
521 2189 698 2283 (ἐδίδασκες
712 2196 896 2278 γράμματα,
914 2190 977 2277 ἐγὼ
993 2191 1027 2256 δὲ
1043 2189 1203 2277 ε’φοίτων.
1221 2190 1349 2269 ἐτέλεις,

178 2295 240 2381 ἐγὼ
266 2296 293 2361 δ’
320 2295 514 2385 ε’τελούμην.’
541 2305 706 2385 Πεποίηκε
740 2299 774 2364 δὲ
806 2304 1019 2385 Δημοσθένης
1047 2300 1101 2363 καὶ
1130 2299 1250 2386 διπλῆν
1274 2299 1349 2364 ἀνα-

179 2407 296 2491 φορόν,
322 2409 380 2469 ἐπί
403 2429 438 2468 τε
462 2418 527 2469 τιῖιν
552 2411 807 2492 προηγουμένων
830 2408 944 2471 κώλων
967 2405 1004 2470 τὸ
1030 2405 1108 2471 αὐτὸ
1132 2407 1248 2493 μόριον
1272 2409 1351 2489 λαμ-

171 2513 284 2593 βάνων
308 2513 363 2576 καὶ
388 2509 444 2575 ἐπὶ
469 2525 534 2575 τῶν
559 2510 729 2594 ἑπομένων
754 2511 786 2577 έν
810 2517 956 2591 τούτοις·
982 2520 1087 2606 (μέχρι
1111 2517 1228 2578 τούτου
1254 2514 1351 2598 φίλος

178 2617 364 2701 ὠνομάζετο
385 2623 560 2704 Λασθένης
577 2619 756 2703 Φιλίππου,
773 2618 835 2697 ἕως
851 2621 1041 2705 προύδωκεν
1057 2622 1229 2685 Ὄλυνθον·
1255 2625 1350 2705 μέχρι

176 2727 293 2789 τούτου
308 2725 449 2803 Εύδικος
464 2727 519 2789 καὶ
535 2726 635 2809 Σιμὸς
659 2724 675 2791 ὁ
699 2735 908 2814 Λαρισσαῖος,
935 2725 996 2804 ἕως
1015 2728 1072 2813 την
1090 2730 1270 2814 θητταλίαν
1284 2725 1350 2791 ύπδ

179 2831 338 2917 Φιλίππῳ
364 2831 545 2920 έπσίησανῖ
570 2847 635 2899 τῶν
650 2835 785 2922 μὲνγὰρ
801 2840 943 2920 πρώτων
967 2836 1080 2899 κώλων
1095 2835 1132 2899 τὸ
1146 2840 1242 2921 μέχρι
1257 2835 1348 2921 ἀρχα

175 2937 300 3021 μόριον,
323 2951 389 3002 τῶν
413 2938 448 3003 δὲ
473 2939 632 3026 δευτέρων
656 2942 693 3005 τὸ
719 2941 789 3019 ἕως.

284 3043 436 3109 Walzius
453 3047 612 3112 adnotat:
637 3049 747 3114 Abest
768 3052 835 3115 hoc
852 3053 994 3116 schema
1011 3069 1031 3116 a
1046 3051 1118 3115 Par.
1135 3053 1165 3132 2,
1189 3051 1253 3116 sed
1269 3067 1350 3116 oon-

179 3151 333 3215 sentiunt
357 3166 434 3215 cum
459 3154 598 3236 nostro,
624 3171 713 3234 quae
736 3155 808 3220 Par.
833 3160 861 3221 2.
887 3158 931 3222 ad
955 3159 1010 3222 lib.
1034 3157 1056 3222 Ι.
1081 3156 1122 3220 ιδ.
1148 3159 1262 3222 habet.

284 3276 315 3359 o)
338 3271 659 3361 Hermogenes,
672 3283 710 3343 ut
720 3280 790 3343 iam
803 3283 1043 3363 cognovimuS,
1055 3282 1267 3360 anaphoram
1280 3284 1349 3348 dis-

176 3383 302 3464 tinguit
325 3383 408 3447 κατά
432 3384 537 3447 κῶλον
561 3389 597 3450 et
620 3387 833 3465 anaphora-m
857 3387 940 3449 κατὰ
964 3387 1082 3469 κόμμα.

284 3509 320 3592 d)
344 3508 615 3595 Tiberius:2)
660 3510 883 3597 Ἐπαναφορὰ
914 3510 950 3575 δέ
980 3508 1076 3588 ἐστιν,
1108 3510 1186 3576 όταν
1215 3511 1272 3576 δύο
1296 3517 1351 3578 καὶ

176 3613 338 3677 πλειόνων
362 3615 475 3678 κώλων
498 3616 649 3698 κόμματα
674 3615 742 3680 ἀπὸ
767 3628 824 3704 τῆς
848 3618 947 3705 αὐτῆς
970 3619 1089 3698 λέξειας
1113 3617 1252 3703 ἄρχηται
1269 3617 1348 3684 οἷον·

177 3719 254 3784 όταν
286 3719 343 3786 ἐπὶ
375 3722 502 3808 κόρρης,
539 3722 617 3787 ὅταν
649 3723 826 3801 κονδύλοις.
863 3727 917 3789 καὶ
950 3727 1067 3789 πάλιν·
1104 3729 1200 3812 μέχρι
1235 3729 1351 3790 τούτου

180 3828 348 3910 Τιμόλαος,
374 3825 436 3906 ἕως
459 3829 610 3894 ἀπώλεσε
637 3834 760 3917 θηβας·
785 3837 881 3919 μέχρι
895 3837 1012 3897 τούτου
1029 3832 1168 3910 Ιίύδικος
1184 3833 1238 3896 καὶ
1253 3832 1352 3914 Σιμὸς

177 3930 209 3996 οί
223 3941 419 4021 Λαρισααῖοι
445 3987 451 3999 .
479 3987 485 4000 .
512 3987 519 4001 .
545 3977 585 3986 ——
612 3937 750 4002 Κάκεῑνο
767 3936 981 4025 ἒπαναφορό·
998 3944 1030 4002 τί
1046 3934 1101 4004 oio
1118 3934 1144 4002 ὦ
1160 3940 1351 4027 ταλαίπωρε

176 4052 407 4124 συκοφαντεῖς;
430 4048 462 4104 τί
490 4045 606 4128 λόγους
635 4046 807 4123 πλύττεις;
835 4051 867 4109 τί
896 4045 1014 4110 σαυτὸν
1038 4046 1095 4110 οὐκ
1120 4044 1352 4133 έλλεβορίζεις;

179 4186 391 4193 ...φ-,-

285 4255 307 4322 1)
327 4256 371 4310 w.
392 4255 462 4310 vm
481 4257 534 4312 ωε
553 4276 578 4311 v.
599 4260 623 4314 τ.
643 4276 682 4328 sq.
703 4261 746 4329 op.
766 4262 810 4316 τυ
830 4261 872 4327 το,
893 4263 936 4317 12.

283 4343 307 4414 2)
328 4346 370 4403 w.
391 4344 460 4405 vni
481 4346 533 4404 558
552 4363 579 4405 v.
597 4348 631 4402 ιτ
652 4364 692 4420 sq.
712 4348 758 4422 op.
778 4349 821 4407 ια
840 4350 883 4420 το,
901 4366 927 4406 v.
942 4351 980 4408 τι
994 4364 1039 4421 η.
