3052 4876
652 268 859 343 .-68..

176 448 227 514 drs
245 473 297 510 am.
317 449 331 511 l
350 449 411 510 363.
467 455 554 522 Tum,
574 473 635 510 cum
652 455 740 511 tristis
759 462 828 522 erat,
847 457 959 511 defensa
978 462 1021 511 est
1040 455 1105 511 llios
1124 453 1205 511 armis

228 544 361 600 Militibus
380 544 526 614 gravidum
545 546 619 600 laete
638 545 741 614 recapit
760 562 867 613 equum.

228 635 311 689 Tum
329 651 436 703 quoque
455 635 616 702 temptanda
635 640 685 699 est,
705 652 764 688 cum
783 635 885 703 paelice
905 635 980 690 laesa
998 634 1114 701 dolebit;

229 724 310 778 Tum
329 722 414 779 facies
433 738 523 791 opera,
542 739 576 777 ne
595 723 632 777 sit
650 723 748 789 inulta,
767 730 825 778 tua.

176 845 307 912 Sensus
339 848 431 911 enim
462 849 535 913 est:
572 845 616 912 Ut
646 849 719 910 tum
743 897 750 912 .
776 897 783 912 .
807 897 814 911 .
838 897 858 929 .,
886 847 937 911 sic
967 864 1108 927 quoque
1129 847 1359 927 temptanda3

174 969 255 1019 nam
278 953 387 1018 iacies
411 1003 418 1018 .
441 1003 449 1018 .
473 1003 480 1017 .
504 950 688 1029 Quomodo
722 955 871 1034 denique
901 969 959 1019 res
993 970 1033 1018 se
1056 954 1183 1018 habeat
1204 954 1242 1017 in
1266 970 1357 1018 ana-

175 1060 284 1140 phora
307 1061 461 1140 pluribus
487 1076 590 1140 quam
614 1061 723 1125 tribus
747 1061 912 1125 membris
929 1061 1136 1144 composita,
1158 1060 1358 1126 illustretur

175 1168 243 1233 hoc
267 1168 445 1247 exemplo:

175 1302 227 1367 Ars
246 1328 298 1366 sm.
316 1312 326 1365 l
346 1310 406 1366 409.
443 1309 529 1364 Differ
549 1310 629 1378 opus!
649 1310 672 1363 Τ
679 1326 744 1364 uuo
762 1310 853 1365 tristis
871 1311 983 1381 hiemps,
1002 1318 1085 1366 tuuc
1104 1310 1214 1365 Pliades
1234 1311 1355 1380 instant,

228 1401 323 1455 Tunc
341 1406 420 1454 tener
438 1415 572 1467 aequorea
590 1398 724 1467 mergitur
743 1400 852 1454 Haedus
871 1417 949 1468 aqua.

229 1490 322 1544 Tunc
339 1489 408 1544 bene
428 1489 576 1555 desinitur;
603 1498 687 1543 tunc
706 1489 729 1542 si
748 1489 808 1556 quis
827 1489 948 1544 creditur
967 1491 1033 1551 alto.

229 1579 283 1632 Vix
302 1579 393 1633 tenuit
411 1579 518 1633 lacerae
537 1579 675 1646 naufraga
694 1578 814 1632 membra
831 1578 910 1633 ratis.

175 1700 307 1769 Sensus
340 1706 412 1768 est:
444 1703 561 1767 Tunc
589 1703 696 1766 tristis
729 1704 865 1783 hiemps
905 1706 948 1767 θῖ
980 1702 1118 1769 Pliades
1150 1705 1284 1768 instant
1319 1708 1356 1770 et

175 1813 273 1875 tener
312 1825 485 1889 aequorea
525 1810 689 1889 mergitur
726 1809 868 1874 Haedus
905 1827 1003 1891 aqua.
1061 1807 1206 1887 Quare
1241 1811 1355 1895 (ideo)

177 1920 265 1982 hene
297 1918 472 1983 desinitur.
530 1916 631 1980 Nam
664 1918 694 1981 si
737 1918 814 1997 quis
857 1918 1005 1981 creditur
1036 1920 1115 2000 alto,
1146 1919 1206 1982 vix
1237 1919 1357 1984 tenuit

175 2025 310 2089 lacerae
334 2024 502 2103 naufraga
524 2025 679 2088 membra
702 2026 794 2088 ratis

283 2130 442 2198 Ceterum
476 2132 510 2194 in
535 2133 712 2211 anaphora
740 2133 962 2211 multipartita
987 2133 1103 2198 variae
1126 2135 1205 2198 illae
1230 2135 1356 2199 condi-

176 2241 296 2305 ciones
328 2241 530 2320 plerumque
563 2239 698 2320 desunt,
729 2256 752 2302 u
790 2255 860 2303 non
890 2239 981 2303 falso
1011 2242 1223 2321 contendas:
1271 2238 1357 2317 Quo

176 2363 336 2428 quaeque
371 2348 550 2426 anaphora
585 2349 640 2410 est
674 2346 820 2429 brevior,
856 2362 899 2410 eo
933 2348 1049 2426 plures
1082 2363 1144 2427 pro
1170 2349 1358 2428 anaphora

108 2496 111 2502 ι
175 2455 362 2535 particulae
378 2455 461 2534 poni
477 2456 634 2534 possunt,
659 2469 728 2532 quo
748 2456 862 2518 autem
887 2454 1041 2532 pluribus
1065 2455 1228 2519 membris
1254 2471 1356 2520 com-

175 2564 322 2644 ponitur,
355 2579 397 2626 eo
423 2562 534 2641 magis
559 2576 629 2625 vox
653 2563 727 2642 ,et‘
751 2561 807 2624 vel
830 2563 953 2641 ,que‘
982 2563 1047 2624 suh
1072 2578 1113 2625 ea
1136 2563 1229 2625 latet.
1275 2560 1356 2627 Iam

175 2686 347 2734 summam
364 2670 607 2733 subducamus
647 2667 740 2731 Birtii
756 2668 928 2748 iudicium,
953 2669 1011 2748 qui
1029 2669 1110 2732 dicit
1133 2669 1354 2748 anaphoram

175 2793 317 2841 munere
339 2776 439 2856 fungi
461 2776 712 2856 particularum,
735 2774 837 2853 plane
862 2776 916 2836 est
939 2791 1068 2856 verum,
1093 2775 1168 2838 sive
1192 2777 1351 2857 anapho-

174 2900 248 2948 ram
271 2884 466 2962 bipertitam
491 2884 566 2946 sive
590 2882 846 2959 multipartitam
871 2882 1024 2960 respicis
1071 2880 1171 2958 Quod
1195 2882 1240 2946 de
1266 2900 1344 2948 aua·

174 2993 293 3071 phora,
318 3005 407 3069 quae
422 2989 576 3070 copulae,
600 2988 798 3068 respondet,
821 2987 1010 3066 disputavit
1031 2990 1184 3072 (quando
1198 2989 1346 3068 ipsaco-

174 3098 255 3177 pula
280 3097 460 3160 abundans
485 3099 564 3174 apte
581 3094 624 3159 ad
641 3096 838 3173 anaphoras
863 3097 1005 3158 alterum
1031 3096 1222 3159 membrum
1248 3088 1350 3161 acc'e-

176 3204 256 3288 dat),
280 3204 315 3267 in
339 3203 479 3268 dubium
509 3203 624 3266 vocari
652 3218 723 3266 non
746 3204 871 3281 potest.

220 3397 269 3485 D)
304 3397 469 3481 Quoties
494 3398 700 3482 anaphora
725 3398 1071 3465 coniunctionibus
1096 3398 1308 3466 abundans

593 3504 924 3588 deprehendatur.

281 3650 488 3729 Anaphorae
512 3648 755 3726 multipartitae
786 3650 924 3713 tertium
956 3653 991 3713 et
1021 3648 1203 3728 sequentia
1235 3663 1349 3714 mem·
1389 3722 1392 3726 .

174 3759 235 3822 bra
269 3759 472 3838 plerumque
509 3756 584 3819 aliis
622 3757 797 3834 particulis
835 3773 905 3820 non
939 3756 1151 3835 respondere
1183 3756 1249 3819 nisi
1283 3772 1349 3821 vo·

175 3867 272 3930 culae
312 3867 379 3945 ,θῖί
420 3864 513 3947 (que)
555 3863 659 3926 modo
693 3863 1018 3927 demonstravimus.
1064 3861 1247 3943 Reliquum
1281 3868 1349 3950 est,

173 3976 213 4037 ut
242 3972 431 4036 doceamus
464 3971 553 4034 hanc
586 3972 745 4049 copulam
777 3970 983 4049 saepissime
1014 3973 1049 4035 et
1079 3972 1165 4035 mira
1193 3972 1348 4051 quadam

173 4080 311 4144 licentia
325 4079 557 4142 abundantem
572 4079 616 4142 ad
633 4079 769 4157 singula
785 4078 982 4156 anaphorae
999 4078 1153 4142 membra
1168 4079 1350 4146 accedere.

174 4183 284 4262 Quam
316 4185 419 4249 etiam
451 4186 484 4248 in
519 4186 696 4263 anaphora
727 4184 886 4263 bipertita
911 4186 1022 4248 solam
1046 4184 1237 4250 admissam
1261 4201 1349 4253 esse

173 4293 383 4375 particulam,
408 4293 567 4372 quamvis
591 4293 686 4374 haec,
711 4294 748 4354 ut
765 4292 923 4371 vidimus
947 4295 1018 4355 tarn
1041 4293 1168 4357 multas
1192 4293 1350 4368 condici-
