3052 4876
664 293 861 355 ..21-

178 475 420 553 repetitionem
440 487 501 551 per
520 472 693 535 ambitum.
725 469 822 534 Hanc
838 468 1131 548 significationum
1148 469 1350 533 varietatem

181 597 223 645 eo
249 596 330 644 esse
355 583 465 644 ortam
489 582 582 659 puto,
608 579 701 657 quod
726 578 921 642 Alexander
949 576 1066 640 celans
1100 592 1241 640 causam
1270 592 1351 639 ana-

180 688 310 767 phorae
327 687 518 750 doctrinam
535 685 683 749 diversis
699 685 793 749 libris
811 684 991 747 distribuit.
1014 683 1089 747 Hoc
1105 687 1221 747 autem
1235 698 1351 746 exem·

179 794 273 873 plum
298 793 384 857 duas
409 793 514 856 habet
537 795 662 871 partes.
709 790 771 856 Est
795 791 886 855 enim
909 791 958 853 ita
980 789 1176 870 formatum,
1208 793 1247 853 ut
1270 805 1351 853 ana-

179 903 333 981 phoram,
358 916 447 979 quae
465 903 519 963 est
544 900 713 963 contraria
737 899 902 978 chiasm0,
919 898 1140 979 coniciamus,
1164 899 1219 961 est
1235 899 1350 960 autern

180 1008 282 1071 etiam
305 1007 364 1070 tali
380 1007 506 1088 specie,
530 1010 568 1070 ut
582 1022 705 1070 revera
721 1006 932 1084 anaphoram
950 1005 1124 1084 perversis
1140 1003 1351 1082 repetitioni-

105 1138 109 1145 ·
179 1115 244 1178 bus
269 1129 484 1193 cognoscere
512 1114 621 1177 liceat.
646 1112 773 1193 Harum
800 1112 1053 1190 anaphorarum
1077 1113 1188 1173 utram
1210 1112 1352 1173 censeat

178 1219 417 1300 Hermogenes
442 1236 512 1285 non
536 1221 652 1299 liquet.
700 1217 735 1282 Si
759 1219 965 1298 exemplum,
994 1216 1089 1296 quod
1113 1216 1157 1280 ad
1179 1216 1351 1280 illustran-

180 1328 259 1390 dam
293 1326 396 1391 affert
426 1327 638 1406 anaphoram
662 1326 746 1387 κατὰ
769 1326 884 1401 κῶλον,
911 1341 990 1388 cum
1023 1340 1066 1387 eo
1100 1338 1351 1404 comparamus,

180 1436 275 1514 quod
299 1435 343 1497 ad
367 1434 580 1512 anaphoram
604 1432 686 1494 aori
710 1432 828 1513 κόμμα,
854 1432 899 1496 ad
923 1448 1000 1495 eam
1023 1431 1237 1512 inclinamus
1262 1446 1352 1510 quae

180 1541 320 1620 paribus
344 1541 461 1604 verbis
486 1541 641 1604 membra
663 1540 812 1622 inchoat,
837 1540 1031 1602 sinautem
1056 1539 1263 1621 quaerimus
1292 1554 1352 1603 cur

178 1647 389 1710 norhanton
414 1650 449 1710 et
472 1646 554 1709 κατὰ
579 1645 687 1727 κόμμα
712 1646 915 1727 distinxerit,
940 1662 1017 1710 eam
1041 1661 1181 1725 quoque
1198 1646 1351 1725 cogitare

178 1771 378 1835 possumus
418 1769 508 1833 quae
541 1753 673 1817 eisdem
710 1753 894 1817 verborum
929 1752 1116 1831 generibus
1156 1753 1351 1831 eodemque

139 1888 140 1894 .
179 1862 363 1925 verborum
388 1862 507 1925 ordine
532 1861 688 1925 efficitur.
734 1860 807 1925 Hac
839 1861 931 1924 enim
962 1861 1140 1939 anaphora
1167 1860 1351 1940 praecipue

180 1970 332 2032 membra
349 1969 597 2032 sententiarum
613 1969 858 2049 perpoliuntur.
877 1967 972 2033 Haec
988 1971 1051 2049 est,
1067 1984 1171 2047 quam
1186 1967 1351 2047 Naegels-

178 2076 265 2139 bach
288 2076 324 2138 in
344 2076 440 2157 libre,
465 2076 522 2155 qui
539 2076 734 2140 inscribitur
757 2074 984 2157 ,Lateinische
1004 2073 1158 2139 Stilistik‘
1173 2076 1193 2158 ¹)
1219 2077 1351 2157 tractat,
1407 2101 1411 2111 ·

177 2183 319 2246 alterius
351 2199 395 2246 ne
427 2183 637 2246 mentionem
670 2183 810 2261 quidem
840 2181 932 2245 facit.
978 2178 1075 2256 Quae
1100 2198 1176 2244 curn
1201 2182 1249 2244 ita
1273 2182 1351 2262 sint,

177 2289 318 2354 difficile
343 2291 388 2354 sit
411 2289 455 2354 ad
478 2290 709 2369 iudicandum,
736 2293 850 2352 utrum
874 2286 1104 2366 Hermogenis
1129 2288 1351 2351 distinctione

176 2399 353 2475 anaphora
377 2398 561 2461 verborum
585 2397 705 2459 ordine
729 2395 879 2458 formata
904 2397 1103 2457 secernatur
1126 2395 1168 2456 ah
1186 2409 1236 2475 ea,
1261 2410 1350 2473 quae

178 2505 370 2566 sententias
395 2503 451 2566 vel
475 2518 593 2566 earum
617 2506 733 2580 partes
758 2502 883 2564 eodem
907 2502 1014 2564 verbo
1035 2501 1184 2581 inchoat,
1208 2517 1252 2565 an
1269 2517 1350 2565 ana·

176 2610 286 2687 phora
310 2609 526 2688 longioribus
550 2608 714 2672 membris
739 2607 872 2671 adiecta
894 2609 937 2671 ab
954 2624 1004 2689 ea,
1029 2623 1119 2688 quae
1133 2608 1349 2672 brevioribus

177 2717 349 2781 adhaeret.

283 2821 351 2888 Sed
364 2825 430 2888 iam
443 2824 658 2888 Tiberius
675 2825 784 2888 adest
808 2822 887 2887 Fert
899 2827 1015 2888 autem
1028 2824 1163 2904 copiam
1177 2824 1349 2907 conquisi-

176 2935 289 2994 torum
310 2932 462 3013 undique
477 2947 521 2995 ex
536 2932 632 2996 libris
649 2932 895 3013 exemplorum,
919 2935 1003 2995 nota
1018 2932 1142 2996 iterum
1159 2932 1349 3014 porrigens

177 3052 249 3099 non
273 3037 393 3100 ordine
417 3040 453 3100 et
471 3039 716 3116 perspicuitate
733 3039 904 3102 delectare
921 3038 1077 3121 studens,
1101 3039 1165 3102 sed
1181 3039 1349 3102 varietate

178 3145 213 3207 et
236 3143 378 3206 luxuria.
414 3142 512 3207 Nova
527 3143 656 3208 frustra
671 3148 926 3224 exspectamus.
962 3142 1074 3220 Quare
1088 3145 1348 3210 Herodiano

177 3267 256 3314 eum
292 3250 415 3314 cedere
446 3250 592 3314 libenter
624 3251 856 3315 concedimus.
903 3248 967 3326 Qui
996 3251 1134 3330 quidem
1167 3252 1269 3315 nobis
1298 3251 1348 3315 vi-

177 3358 281 3422 dendi
313 3357 446 3437 cupidis
477 3358 664 3422 insolentia
698 3360 734 3421 et
764 3358 920 3422 novitate
950 3374 1064 3421 rerum
1098 3358 1198 3437 quasi
1229 3358 1349 3423 adimit

177 3482 313 3529 sensus.
359 3465 447 3530 Nihil
481 3467 524 3530 de
548 3466 661 3544 prisca
691 3467 749 3530 illa
773 3463 958 3530 Alexandri
981 3465 1115 3529 ratione
1140 3465 1347 3544 disponendi

177 3574 212 3635 et
236 3571 423 3654 digerendi,
446 3573 530 3636 nihil
554 3573 598 3637 de
622 3573 790 3651 exemplis
813 3573 905 3637 illius
929 3571 1108 3636 similibus.
1154 3571 1347 3651 tantopere

176 3693 290 3742 novus
321 3679 458 3760 incedit,
489 3680 528 3743 ut
551 3695 631 3744 eum
655 3679 699 3743 ad
728 3682 866 3759 tempus
891 3679 984 3744 abire
1007 3679 1189 3744 iubeamus
1213 3679 1347 3744 eteius

176 3785 323 3849 reditum
346 3788 429 3868 tum,
454 3802 531 3850 cum
554 3787 708 3868 reliquos
733 3786 976 3870 audiverimus
1001 3788 1171 3867 optemus.

283 3907 443 3976 Succedit
465 3910 550 3977 Zon
563 3928 682 3977 aeus.
718 3909 783 3989 Qui
808 3901 971 3992 quoniam
995 3927 1065 3975 non
1089 3912 1227 3991 ignorat
1243 3913 1347 3977 etiam

174 4032 294 4096 pauca,
325 4019 356 4079 si
388 4018 478 4082 bene
502 4020 572 4083 sint
595 4020 774 4100 disposita,
799 4019 927 4099 aliquid
951 4034 1033 4082 esse
1061 4019 1178 4100 videri,
1211 4019 1344 4103 digerit,

175 4137 385 4201 quamquam
416 4123 494 4202 ipsa
527 4124 723 4204 digestione
755 4142 867 4205 paene
898 4125 1046 4204 legentis
1078 4124 1186 4195 risum
1217 4129 1345 4197 movet.

173 4270 387 4281 .--.—.--—·

282 4338 306 4415 ¹)
324 4336 469 4416 Nimborg
488 4338 567 4408 1888,
585 4356 611 4416 p.
630 4339 691 4402 639.
