<?xml version="1.0" encoding="UTF-8"?>
<!DOCTYPE html PUBLIC "-//W3C//DTD XHTML 1.0 Transitional//EN"
    "http://www.w3.org/TR/xhtml1/DTD/xhtml1-transitional.dtd">
<html xmlns="http://www.w3.org/1999/xhtml" xml:lang="en" lang="en">
 <head>
  <title>
</title>
<meta http-equiv="Content-Type" content="text/html;charset=utf-8" />
  <meta name='ocr-system' content='tesseract 3.04.00' />
  <meta name='ocr-capabilities' content='ocr_page ocr_carea ocr_par ocr_line ocrx_word'/>
</head>
<body>
  <div class='ocr_page' id='page_1' title='image "./deanaphorainexe00ottogoog_0027.png"; bbox 0 0 3052 4876; ppageno 0'>
   <div class='ocr_carea' id='block_1_1' title="bbox 755 260 950 323">
    <p class='ocr_par' dir='ltr' id='par_1_1' title="bbox 755 260 950 323">
     <span class='ocr_line' id='line_1_1' title="bbox 755 260 950 323; baseline 0.005 -17"><span class='ocrx_word' id='word_1_1' title='bbox 755 260 950 323; x_wconf 68' lang='lat'>..22-</span> 
     </span>
    </p>
   </div>
   <div class='ocr_carea' id='block_1_2' title="bbox 270 436 1450 948">
    <p class='ocr_par' dir='ltr' id='par_1_2' title="bbox 270 436 1450 948">
     <span class='ocr_line' id='line_1_2' title="bbox 270 436 1447 519; baseline -0.001 -17"><span class='ocrx_word' id='word_1_2' title='bbox 270 436 357 502; x_wconf 90' lang='lat' dir='ltr'>Nam</span> <span class='ocrx_word' id='word_1_3' title='bbox 383 437 559 517; x_wconf 89' lang='lat' dir='ltr'>quomodo</span> <span class='ocrx_word' id='word_1_4' title='bbox 584 437 756 518; x_wconf 84' lang='lat' dir='ltr'>duplicem</span> <span class='ocrx_word' id='word_1_5' title='bbox 780 439 991 518; x_wconf 85' lang='lat' dir='ltr'>anaphoram</span> <span class='ocrx_word' id='word_1_6' title='bbox 1016 440 1059 503; x_wconf 90' lang='lat' dir='ltr'>ab</span> <span class='ocrx_word' id='word_1_7' title='bbox 1084 439 1229 519; x_wconf 84' lang='lat' dir='ltr'>simplici</span> <span class='ocrx_word' id='word_1_8' title='bbox 1251 439 1374 503; x_wconf 86' lang='lat' dir='ltr'>differe</span> <span class='ocrx_word' id='word_1_9' title='bbox 1391 454 1447 502; x_wconf 93' lang='lat' dir='ltr'>ar-</span> 
     </span>
     <span class='ocr_line' id='line_1_3' title="bbox 271 542 1448 632; baseline -0.001 -24"><span class='ocrx_word' id='word_1_10' title='bbox 271 544 445 627; x_wconf 80' lang='lat' dir='ltr'>bitramur,</span> <span class='ocrx_word' id='word_1_11' title='bbox 473 560 551 609; x_wconf 82' lang='lat' dir='ltr'>cum</span> <span class='ocrx_word' id='word_1_12' title='bbox 581 545 704 609; x_wconf 78' lang='lat' dir='ltr'>ambae</span> <span class='ocrx_word' id='word_1_13' title='bbox 737 543 899 607; x_wconf 78' lang='grc' dir='ltr'>πλειόνων</span> <span class='ocrx_word' id='word_1_14' title='bbox 922 546 1036 608; x_wconf 81' lang='grc' dir='ltr'><em>κώλων</em></span> <span class='ocrx_word' id='word_1_15' title='bbox 1059 543 1078 628; x_wconf 80' lang='grc' dir='ltr'>ἢ</span> <span class='ocrx_word' id='word_1_16' title='bbox 1103 542 1255 632; x_wconf 76' lang='grc' dir='ltr'><em>ῥημάτων</em></span> <span class='ocrx_word' id='word_1_17' title='bbox 1287 543 1355 608; x_wconf 77' lang='grc' dir='ltr'>ἀπὸ</span> <span class='ocrx_word' id='word_1_18' title='bbox 1382 554 1448 630; x_wconf 76' lang='grc' dir='ltr'>τῆς</span> 
     </span>
     <span class='ocr_line' id='line_1_4' title="bbox 273 649 1448 736; baseline 0.003 -23"><span class='ocrx_word' id='word_1_19' title='bbox 273 649 372 736; x_wconf 80' lang='grc' dir='ltr'><strong><em>αὐτῆς</em></strong></span> <span class='ocrx_word' id='word_1_20' title='bbox 388 651 507 730; x_wconf 82' lang='grc' dir='ltr'><strong><em>λέξεως</em></strong></span> <span class='ocrx_word' id='word_1_21' title='bbox 523 650 711 736; x_wconf 81' lang='grc' dir='ltr'><em>ἀρχομένων</em></span> <span class='ocrx_word' id='word_1_22' title='bbox 727 650 900 736; x_wconf 80' lang='grc' dir='ltr'><em>σννεκὸοχή</em></span> <span class='ocrx_word' id='word_1_23' title='bbox 926 649 1025 717; x_wconf 71' lang='lat' dir='ltr'>sini?</span> <span class='ocrx_word' id='word_1_24' title='bbox 1048 652 1086 716; x_wconf 93' lang='lat' dir='ltr'>In</span> <span class='ocrx_word' id='word_1_25' title='bbox 1103 653 1271 733; x_wconf 86' lang='lat' dir='ltr'>exemplis</span> <span class='ocrx_word' id='word_1_26' title='bbox 1284 651 1448 716; x_wconf 84' lang='lat' dir='ltr'>nimirum</span> 
     </span>
     <span class='ocr_line' id='line_1_5' title="bbox 271 759 1450 842; baseline 0.001 -19"><span class='ocrx_word' id='word_1_27' title='bbox 271 759 374 824; x_wconf 87' lang='lat' dir='ltr'>facile</span> <span class='ocrx_word' id='word_1_28' title='bbox 398 760 581 825; x_wconf 83' lang='lat' dir='ltr'>discrimen</span> <span class='ocrx_word' id='word_1_29' title='bbox 606 761 835 840; x_wconf 84' lang='lat' dir='ltr'>cognoscitur.</span> <span class='ocrx_word' id='word_1_30' title='bbox 870 760 933 826; x_wconf 87' lang='lat' dir='ltr'>Est</span> <span class='ocrx_word' id='word_1_31' title='bbox 956 764 1072 826; x_wconf 91' lang='lat' dir='ltr'>autem</span> <span class='ocrx_word' id='word_1_32' title='bbox 1094 759 1196 842; x_wconf 91' lang='lat' dir='ltr'>idem,</span> <span class='ocrx_word' id='word_1_33' title='bbox 1220 759 1314 838; x_wconf 91' lang='lat' dir='ltr'>quod</span> <span class='ocrx_word' id='word_1_34' title='bbox 1337 760 1450 824; x_wconf 88' lang='lat' dir='ltr'>habet</span> 
     </span>
     <span class='ocr_line' id='line_1_6' title="bbox 272 865 522 948; baseline 0.008 -18"><span class='ocrx_word' id='word_1_35' title='bbox 272 865 522 948; x_wconf 83' lang='lat' dir='ltr'>Hermogenes.</span> 
     </span>
    </p>
   </div>
   <div class='ocr_carea' id='block_1_3' title="bbox 275 1007 1451 1837">
    <p class='ocr_par' dir='ltr' id='par_1_3' title="bbox 275 1007 1451 1837">
     <span class='ocr_line' id='line_1_7' title="bbox 379 1007 1449 1090; baseline 0 -16"><span class='ocrx_word' id='word_1_36' title='bbox 379 1009 579 1074; x_wconf 90' lang='lat' dir='ltr'>loannes</span> <span class='ocrx_word' id='word_1_37' title='bbox 614 1007 797 1075; x_wconf 88' lang='lat' dir='ltr'>Siculus</span> <span class='ocrx_word' id='word_1_38' title='bbox 838 1010 988 1090; x_wconf 88' lang='lat' dir='ltr'>denique</span> <span class='ocrx_word' id='word_1_39' title='bbox 1024 1026 1096 1074; x_wconf 92' lang='lat' dir='ltr'>non</span> <span class='ocrx_word' id='word_1_40' title='bbox 1126 1009 1195 1073; x_wconf 92' lang='lat' dir='ltr'>iam</span> <span class='ocrx_word' id='word_1_41' title='bbox 1227 1010 1381 1073; x_wconf 89' lang='lat' dir='ltr'>membra</span> <span class='ocrx_word' id='word_1_42' title='bbox 1412 1013 1449 1074; x_wconf 91' lang='lat' dir='ltr'>et</span> 
     </span>
     <span class='ocr_line' id='line_1_8' title="bbox 276 1114 1449 1200; baseline -0.001 -19"><span class='ocrx_word' id='word_1_43' title='bbox 276 1117 395 1200; x_wconf 90' lang='lat' dir='ltr'>incisa,</span> <span class='ocrx_word' id='word_1_44' title='bbox 419 1116 482 1181; x_wconf 92' lang='lat' dir='ltr'>sed</span> <span class='ocrx_word' id='word_1_45' title='bbox 505 1117 618 1196; x_wconf 87' lang='lat' dir='ltr'>ipsam</span> <span class='ocrx_word' id='word_1_46' title='bbox 640 1116 883 1196; x_wconf 78' lang='lat' dir='ltr'>repetitionem</span> <span class='ocrx_word' id='word_1_47' title='bbox 905 1118 1079 1197; x_wconf 87' lang='lat' dir='ltr'>respicere</span> <span class='ocrx_word' id='word_1_48' title='bbox 1108 1116 1253 1180; x_wconf 87' lang='lat' dir='ltr'>videtur.</span> <span class='ocrx_word' id='word_1_49' title='bbox 1298 1114 1449 1180; x_wconf 79' lang='lat' dir='ltr'>Differre</span> 
     </span>
     <span class='ocr_line' id='line_1_9' title="bbox 275 1223 1449 1307; baseline -0.001 -19"><span class='ocrx_word' id='word_1_50' title='bbox 275 1224 366 1288; x_wconf 90' lang='lat' dir='ltr'>enim</span> <span class='ocrx_word' id='word_1_51' title='bbox 390 1226 512 1288; x_wconf 90' lang='lat' dir='ltr'>censet</span> <span class='ocrx_word' id='word_1_52' title='bbox 534 1225 745 1303; x_wconf 86' lang='lat' dir='ltr'>anaphoram</span> <span class='ocrx_word' id='word_1_53' title='bbox 770 1226 813 1289; x_wconf 90' lang='lat' dir='ltr'>ab</span> <span class='ocrx_word' id='word_1_54' title='bbox 838 1226 1022 1307; x_wconf 90' lang='lat' dir='ltr'>anaphora,</span> <span class='ocrx_word' id='word_1_55' title='bbox 1054 1223 1084 1288; x_wconf 94' lang='lat' dir='ltr'>si</span> <span class='ocrx_word' id='word_1_56' title='bbox 1116 1225 1223 1288; x_wconf 89' lang='lat' dir='ltr'>altera</span> <span class='ocrx_word' id='word_1_57' title='bbox 1255 1224 1297 1287; x_wconf 89' lang='lat' dir='ltr'>ab</span> <span class='ocrx_word' id='word_1_58' title='bbox 1322 1223 1449 1288; x_wconf 90' lang='lat' dir='ltr'>eadem</span> 
     </span>
     <span class='ocr_line' id='line_1_10' title="bbox 275 1327 1449 1412; baseline -0.002 -16"><span class='ocrx_word' id='word_1_59' title='bbox 275 1331 435 1412; x_wconf 85' lang='lat' dir='ltr'>dictione,</span> <span class='ocrx_word' id='word_1_60' title='bbox 467 1330 573 1395; x_wconf 89' lang='lat' dir='ltr'>altera</span> <span class='ocrx_word' id='word_1_61' title='bbox 605 1332 648 1396; x_wconf 89' lang='lat' dir='ltr'>ab</span> <span class='ocrx_word' id='word_1_62' title='bbox 680 1332 803 1396; x_wconf 92' lang='lat' dir='ltr'>eadem</span> <span class='ocrx_word' id='word_1_63' title='bbox 834 1332 969 1412; x_wconf 87' lang='lat' dir='ltr'>syllaba</span> <span class='ocrx_word' id='word_1_64' title='bbox 997 1330 1145 1409; x_wconf 88' lang='lat' dir='ltr'>incipiat.</span> <span class='ocrx_word' id='word_1_65' title='bbox 1191 1327 1226 1394; x_wconf 91' lang='lat' dir='ltr'>Si</span> <span class='ocrx_word' id='word_1_66' title='bbox 1250 1330 1449 1409; x_wconf 90' lang='lat' dir='ltr'>complures</span> 
     </span>
     <span class='ocr_line' id='line_1_11' title="bbox 275 1437 1450 1521; baseline -0.002 -19"><span class='ocrx_word' id='word_1_67' title='bbox 275 1437 470 1502; x_wconf 90' lang='lat' dir='ltr'>sententiae</span> <span class='ocrx_word' id='word_1_68' title='bbox 495 1438 636 1517; x_wconf 89' lang='lat' dir='ltr'>saepius</span> <span class='ocrx_word' id='word_1_69' title='bbox 659 1454 748 1502; x_wconf 91' lang='lat' dir='ltr'>voce</span> <span class='ocrx_word' id='word_1_70' title='bbox 771 1442 804 1500; x_wconf 80' lang='grc' dir='ltr'>τί</span> <span class='ocrx_word' id='word_1_71' title='bbox 826 1439 999 1521; x_wconf 89' lang='lat' dir='ltr'>incipiant,</span> <span class='ocrx_word' id='word_1_72' title='bbox 1023 1454 1104 1503; x_wconf 89' lang='lat' dir='ltr'>esse</span> <span class='ocrx_word' id='word_1_73' title='bbox 1135 1438 1347 1517; x_wconf 88' lang='lat' dir='ltr'>anaphoram</span> <span class='ocrx_word' id='word_1_74' title='bbox 1376 1437 1450 1516; x_wconf 90' lang='lat' dir='ltr'>syl·</span> 
     </span>
     <span class='ocr_line' id='line_1_12' title="bbox 275 1543 1451 1630; baseline 0.001 -22"><span class='ocrx_word' id='word_1_75' title='bbox 275 1545 383 1626; x_wconf 87' lang='lat' dir='ltr'>labae,</span> <span class='ocrx_word' id='word_1_76' title='bbox 407 1544 438 1608; x_wconf 91' lang='lat' dir='ltr'>si</span> <span class='ocrx_word' id='word_1_77' title='bbox 462 1560 551 1609; x_wconf 88' lang='lat' dir='ltr'>voce</span> <span class='ocrx_word' id='word_1_78' title='bbox 573 1543 717 1630; x_wconf 79' lang='grc' dir='ltr'><strong><em>Χριστός</em></strong></span> <span class='ocrx_word' id='word_1_79' title='bbox 740 1561 822 1610; x_wconf 92' lang='lat' dir='ltr'>esse</span> <span class='ocrx_word' id='word_1_80' title='bbox 845 1546 1015 1610; x_wconf 86' lang='lat' dir='ltr'>dictionis.</span> <span class='ocrx_word' id='word_1_81' title='bbox 1055 1543 1214 1611; x_wconf 83' lang='lat' dir='ltr'>Ceterum</span> <span class='ocrx_word' id='word_1_82' title='bbox 1230 1545 1265 1609; x_wconf 91' lang='lat' dir='ltr'>in</span> <span class='ocrx_word' id='word_1_83' title='bbox 1289 1544 1451 1609; x_wconf 89' lang='lat' dir='ltr'>eiusdem</span> 
     </span>
     <span class='ocr_line' id='line_1_13' title="bbox 276 1651 1451 1730; baseline 0.001 -14"><span class='ocrx_word' id='word_1_84' title='bbox 276 1651 388 1716; x_wconf 89' lang='lat' dir='ltr'>allatis</span> <span class='ocrx_word' id='word_1_85' title='bbox 413 1651 582 1730; x_wconf 86' lang='lat' dir='ltr'>exemplis</span> <span class='ocrx_word' id='word_1_86' title='bbox 606 1653 754 1716; x_wconf 89' lang='lat' dir='ltr'>eundem</span> <span class='ocrx_word' id='word_1_87' title='bbox 787 1653 943 1717; x_wconf 89' lang='lat' dir='ltr'>ordinem</span> <span class='ocrx_word' id='word_1_88' title='bbox 975 1654 1010 1717; x_wconf 91' lang='lat' dir='ltr'>in</span> <span class='ocrx_word' id='word_1_89' title='bbox 1042 1652 1249 1717; x_wconf 91' lang='lat' dir='ltr'>constructis</span> <span class='ocrx_word' id='word_1_90' title='bbox 1282 1653 1451 1717; x_wconf 90' lang='lat' dir='ltr'>memhris</span> 
     </span>
     <span class='ocr_line' id='line_1_14' title="bbox 277 1758 1223 1837; baseline 0 -14"><span class='ocrx_word' id='word_1_91' title='bbox 277 1774 355 1823; x_wconf 92' lang='lat' dir='ltr'>cum</span> <span class='ocrx_word' id='word_1_92' title='bbox 378 1772 467 1823; x_wconf 89' lang='lat' dir='ltr'>voce</span> <span class='ocrx_word' id='word_1_93' title='bbox 489 1758 636 1837; x_wconf 90' lang='lat' dir='ltr'>repetita</span> <span class='ocrx_word' id='word_1_94' title='bbox 659 1759 851 1824; x_wconf 89' lang='lat' dir='ltr'>coniunctis</span> <span class='ocrx_word' id='word_1_95' title='bbox 874 1776 946 1825; x_wconf 92' lang='lat' dir='ltr'>non</span> <span class='ocrx_word' id='word_1_96' title='bbox 969 1759 1157 1825; x_wconf 90' lang='lat' dir='ltr'>desideres.</span> <span class='ocrx_word' id='word_1_97' title='bbox 1183 1796 1223 1806; x_wconf 93' lang='lat'>-</span> 
     </span>
    </p>
   </div>
   <div class='ocr_carea' id='block_1_4' title="bbox 277 1882 1451 2179">
    <p class='ocr_par' dir='ltr' id='par_1_4' title="bbox 277 1882 1451 2179">
     <span class='ocr_line' id='line_1_15' title="bbox 382 1882 1451 1965; baseline 0.002 -18"><span class='ocrx_word' id='word_1_98' title='bbox 382 1882 508 1947; x_wconf 89' lang='lat' dir='ltr'>Iterum</span> <span class='ocrx_word' id='word_1_99' title='bbox 538 1883 757 1949; x_wconf 88' lang='lat' dir='ltr'>Herodianus</span> <span class='ocrx_word' id='word_1_100' title='bbox 784 1885 901 1964; x_wconf 91' lang='lat' dir='ltr'>pulsat</span> <span class='ocrx_word' id='word_1_101' title='bbox 927 1885 1017 1964; x_wconf 91' lang='lat' dir='ltr'>pede</span> <span class='ocrx_word' id='word_1_102' title='bbox 1044 1885 1192 1965; x_wconf 89' lang='lat' dir='ltr'>ianuam,</span> <span class='ocrx_word' id='word_1_103' title='bbox 1225 1884 1289 1949; x_wconf 91' lang='lat' dir='ltr'>sed</span> <span class='ocrx_word' id='word_1_104' title='bbox 1322 1885 1451 1949; x_wconf 93' lang='lat' dir='ltr'>melius</span> 
     </span>
     <span class='ocr_line' id='line_1_16' title="bbox 277 1990 1451 2073; baseline 0.003 -18"><span class='ocrx_word' id='word_1_105' title='bbox 277 1991 342 2055; x_wconf 92' lang='lat' dir='ltr'>erit</span> <span class='ocrx_word' id='word_1_106' title='bbox 353 2006 433 2055; x_wconf 90' lang='lat' dir='ltr'>eum</span> <span class='ocrx_word' id='word_1_107' title='bbox 446 1991 614 2073; x_wconf 83' lang='lat' dir='ltr'>excipere,</span> <span class='ocrx_word' id='word_1_108' title='bbox 629 2007 708 2055; x_wconf 92' lang='lat' dir='ltr'>cum</span> <span class='ocrx_word' id='word_1_109' title='bbox 721 2007 840 2056; x_wconf 91' lang='lat' dir='ltr'>eorum</span> <span class='ocrx_word' id='word_1_110' title='bbox 854 1992 912 2070; x_wconf 92' lang='lat' dir='ltr'>qui</span> <span class='ocrx_word' id='word_1_111' title='bbox 929 1992 1056 2056; x_wconf 88' lang='lat' dir='ltr'>adsunt</span> <span class='ocrx_word' id='word_1_112' title='bbox 1073 1992 1176 2056; x_wconf 89' lang='lat' dir='ltr'>etiam</span> <span class='ocrx_word' id='word_1_113' title='bbox 1194 1990 1451 2058; x_wconf 80' lang='lat' dir='ltr'>definitiones</span> 
     </span>
     <span class='ocr_line' id='line_1_17' title="bbox 278 2097 871 2179; baseline 0.002 -17"><span class='ocrx_word' id='word_1_114' title='bbox 278 2098 542 2179; x_wconf 88' lang='lat' dir='ltr'>diligentissime</span> <span class='ocrx_word' id='word_1_115' title='bbox 565 2097 871 2178; x_wconf 76' lang='lat' dir='ltr'>perpenderimus</span> 
     </span>
    </p>
   </div>
   <div class='ocr_carea' id='block_1_5' title="bbox 281 2258 1453 2450">
    <p class='ocr_par' dir='ltr' id='par_1_5' title="bbox 281 2258 1453 2450">
     <span class='ocr_line' id='line_1_18' title="bbox 384 2258 1453 2354; baseline 0.002 -30"><span class='ocrx_word' id='word_1_116' title='bbox 384 2258 647 2354; x_wconf 85' lang='lat' dir='ltr'>Alexandri</span> <span class='ocrx_word' id='word_1_117' title='bbox 670 2262 709 2325; x_wconf 92' lang='lat' dir='ltr'>ut</span> <span class='ocrx_word' id='word_1_118' title='bbox 731 2259 857 2325; x_wconf 89' lang='lat' dir='ltr'>tradita</span> <span class='ocrx_word' id='word_1_119' title='bbox 880 2263 936 2324; x_wconf 90' lang='lat' dir='ltr'>est</span> <span class='ocrx_word' id='word_1_120' title='bbox 951 2260 1117 2343; x_wconf 84' lang='lat' dir='ltr'>definitio,</span> <span class='ocrx_word' id='word_1_121' title='bbox 1141 2261 1286 2341; x_wconf 92' lang='lat' dir='ltr'>caligine</span> <span class='ocrx_word' id='word_1_122' title='bbox 1303 2263 1338 2326; x_wconf 88' lang='lat' dir='ltr'>et</span> <span class='ocrx_word' id='word_1_123' title='bbox 1353 2262 1453 2327; x_wconf 90' lang='lat' dir='ltr'>tene-</span> 
     </span>
     <span class='ocr_line' id='line_1_19' title="bbox 281 2366 1453 2450; baseline 0.002 -18"><span class='ocrx_word' id='word_1_124' title='bbox 281 2366 351 2432; x_wconf 88' lang='lat' dir='ltr'>bris</span> <span class='ocrx_word' id='word_1_125' title='bbox 375 2366 531 2431; x_wconf 91' lang='lat' dir='ltr'>involuta</span> <span class='ocrx_word' id='word_1_126' title='bbox 555 2367 649 2431; x_wconf 91' lang='lat' dir='ltr'>omni</span> <span class='ocrx_word' id='word_1_127' title='bbox 672 2367 848 2432; x_wconf 90' lang='lat' dir='ltr'>intellectu</span> <span class='ocrx_word' id='word_1_128' title='bbox 872 2369 973 2433; x_wconf 88' lang='lat' dir='ltr'>caret.</span> <span class='ocrx_word' id='word_1_129' title='bbox 1019 2366 1061 2432; x_wconf 85' lang='lat' dir='ltr'>Et</span> <span class='ocrx_word' id='word_1_130' title='bbox 1083 2384 1128 2432; x_wconf 92' lang='lat' dir='ltr'>ne</span> <span class='ocrx_word' id='word_1_131' title='bbox 1151 2371 1224 2432; x_wconf 93' lang='lat' dir='ltr'>tum</span> <span class='ocrx_word' id='word_1_132' title='bbox 1247 2368 1395 2450; x_wconf 89' lang='lat' dir='ltr'>quidem,</span> <span class='ocrx_word' id='word_1_133' title='bbox 1419 2370 1453 2434; x_wconf 91' lang='lat' dir='ltr'>si</span> 
     </span>
    </p>
   </div>
   <div class='ocr_carea' id='block_1_6' title="bbox 279 2469 1460 4383">
    <p class='ocr_par' dir='ltr' id='par_1_6' title="bbox 279 2469 1460 4383">
     <span class='ocr_line' id='line_1_20' title="bbox 279 2469 1451 2558; baseline 0.003 -22"><span class='ocrx_word' id='word_1_134' title='bbox 279 2469 438 2554; x_wconf 78' lang='grc' dir='ltr'><strong><em>ὀνόματος</em></strong></span> <span class='ocrx_word' id='word_1_135' title='bbox 476 2488 539 2553; x_wconf 94' lang='lat' dir='ltr'>pro</span> <span class='ocrx_word' id='word_1_136' title='bbox 576 2472 741 2556; x_wconf 81' lang='grc' dir='ltr'><strong><em>κόμματος</em></strong></span> <span class='ocrx_word' id='word_1_137' title='bbox 775 2474 929 2555; x_wconf 91' lang='lat' dir='ltr'>ponitur,</span> <span class='ocrx_word' id='word_1_138' title='bbox 961 2475 1077 2539; x_wconf 90' lang='lat' dir='ltr'>lectio</span> <span class='ocrx_word' id='word_1_139' title='bbox 1106 2475 1204 2539; x_wconf 88' lang='lat' dir='ltr'>salva</span> <span class='ocrx_word' id='word_1_140' title='bbox 1237 2475 1300 2558; x_wconf 89' lang='lat' dir='ltr'>sit;</span> <span class='ocrx_word' id='word_1_141' title='bbox 1333 2490 1451 2555; x_wconf 91' lang='lat' dir='ltr'>neque</span> 
     </span>
     <span class='ocr_line' id='line_1_21' title="bbox 280 2578 1452 2664; baseline -0.001 -19"><span class='ocrx_word' id='word_1_142' title='bbox 280 2579 372 2645; x_wconf 90' lang='lat' dir='ltr'>enim</span> <span class='ocrx_word' id='word_1_143' title='bbox 394 2580 569 2663; x_wconf 81' lang='lat' dir='ltr'>intellego,</span> <span class='ocrx_word' id='word_1_144' title='bbox 593 2595 653 2645; x_wconf 89' lang='lat' dir='ltr'>cur</span> <span class='ocrx_word' id='word_1_145' title='bbox 674 2583 859 2647; x_wconf 87' lang='lat' dir='ltr'>contextus</span> <span class='ocrx_word' id='word_1_146' title='bbox 875 2584 1060 2648; x_wconf 88' lang='lat' dir='ltr'>verborum</span> <span class='ocrx_word' id='word_1_147' title='bbox 1077 2582 1313 2647; x_wconf 87' lang='lat' dir='ltr'>continuetur:</span> <span class='ocrx_word' id='word_1_148' title='bbox 1336 2578 1452 2664; x_wconf 79' lang='grc' dir='ltr'><strong><em>ἢόαακ</em></strong></span> 
     </span>
     <span class='ocr_line' id='line_1_22' title="bbox 414 2687 1451 2768; baseline 0 -16"><span class='ocrx_word' id='word_1_149' title='bbox 414 2703 491 2752; x_wconf 92' lang='lat' dir='ltr'>cum</span> <span class='ocrx_word' id='word_1_150' title='bbox 523 2687 592 2753; x_wconf 92' lang='lat' dir='ltr'>hoc</span> <span class='ocrx_word' id='word_1_151' title='bbox 625 2689 660 2752; x_wconf 86' lang='lat' dir='ltr'>et</span> <span class='ocrx_word' id='word_1_152' title='bbox 689 2688 773 2753; x_wconf 91' lang='lat' dir='ltr'>illud</span> <span class='ocrx_word' id='word_1_153' title='bbox 805 2705 866 2768; x_wconf 91' lang='lat' dir='ltr'>par</span> <span class='ocrx_word' id='word_1_154' title='bbox 899 2689 952 2753; x_wconf 87' lang='lat' dir='ltr'>sit.</span> <span class='ocrx_word' id='word_1_155' title='bbox 998 2687 1043 2752; x_wconf 87' lang='lat' dir='ltr'>At</span> <span class='ocrx_word' id='word_1_156' title='bbox 1072 2688 1451 2754; x_wconf 89' lang='lat' dir='ltr'>Phoehammonis</span> 
     </span>
     <span class='ocr_line' id='line_1_23' title="bbox 282 2794 1454 2874; baseline -0.001 -16"><span class='ocrx_word' id='word_1_157' title='bbox 282 2794 438 2859; x_wconf 87' lang='lat' dir='ltr'>definitio</span> <span class='ocrx_word' id='word_1_158' title='bbox 463 2794 564 2874; x_wconf 88' lang='lat' dir='ltr'>quasi</span> <span class='ocrx_word' id='word_1_159' title='bbox 587 2795 669 2859; x_wconf 92' lang='lat' dir='ltr'>luna</span> <span class='ocrx_word' id='word_1_160' title='bbox 691 2795 780 2859; x_wconf 87' lang='lat' dir='ltr'>inter</span> <span class='ocrx_word' id='word_1_161' title='bbox 804 2795 923 2860; x_wconf 90' lang='lat' dir='ltr'>stellas</span> <span class='ocrx_word' id='word_1_162' title='bbox 947 2796 1080 2860; x_wconf 89' lang='lat' dir='ltr'>emicat.</span> <span class='ocrx_word' id='word_1_163' title='bbox 1118 2794 1160 2859; x_wconf 87' lang='lat' dir='ltr'>Et</span> <span class='ocrx_word' id='word_1_164' title='bbox 1182 2795 1274 2860; x_wconf 91' lang='lat' dir='ltr'>illam</span> <span class='ocrx_word' id='word_1_165' title='bbox 1299 2794 1454 2872; x_wconf 91' lang='lat' dir='ltr'>anapho-</span> 
     </span>
     <span class='ocr_line' id='line_1_24' title="bbox 281 2899 1453 2985; baseline -0.003 -20"><span class='ocrx_word' id='word_1_166' title='bbox 281 2916 364 2985; x_wconf 91' lang='lat' dir='ltr'>ram,</span> <span class='ocrx_word' id='word_1_167' title='bbox 388 2916 478 2981; x_wconf 88' lang='lat' dir='ltr'>quae</span> <span class='ocrx_word' id='word_1_168' title='bbox 502 2901 627 2965; x_wconf 89' lang='lat' dir='ltr'>eodem</span> <span class='ocrx_word' id='word_1_169' title='bbox 651 2902 771 2966; x_wconf 90' lang='lat' dir='ltr'>ordine</span> <span class='ocrx_word' id='word_1_170' title='bbox 787 2903 972 2966; x_wconf 89' lang='lat' dir='ltr'>verborum</span> <span class='ocrx_word' id='word_1_171' title='bbox 989 2902 1145 2985; x_wconf 86' lang='lat' dir='ltr'>efficitur,</span> <span class='ocrx_word' id='word_1_172' title='bbox 1162 2905 1302 2982; x_wconf 87' lang='lat' dir='ltr'>atquae</span> <span class='ocrx_word' id='word_1_173' title='bbox 1318 2899 1453 2964; x_wconf 91' lang='lat' dir='ltr'>eisdem</span> 
     </span>
     <span class='ocr_line' id='line_1_25' title="bbox 282 3008 1454 3092; baseline -0.003 -19"><span class='ocrx_word' id='word_1_174' title='bbox 282 3008 398 3073; x_wconf 87' lang='lat' dir='ltr'>verbis</span> <span class='ocrx_word' id='word_1_175' title='bbox 422 3009 577 3072; x_wconf 88' lang='lat' dir='ltr'>membra</span> <span class='ocrx_word' id='word_1_176' title='bbox 591 3008 741 3092; x_wconf 80' lang='lat' dir='ltr'>inchoat,</span> <span class='ocrx_word' id='word_1_177' title='bbox 763 3009 798 3073; x_wconf 92' lang='lat' dir='ltr'>in</span> <span class='ocrx_word' id='word_1_178' title='bbox 822 3009 898 3074; x_wconf 91' lang='lat' dir='ltr'>eius</span> <span class='ocrx_word' id='word_1_179' title='bbox 920 3008 1122 3074; x_wconf 87' lang='lat' dir='ltr'>definitione</span> <span class='ocrx_word' id='word_1_180' title='bbox 1141 3009 1341 3092; x_wconf 83' lang='lat' dir='ltr'>intellegere</span> <span class='ocrx_word' id='word_1_181' title='bbox 1362 3008 1454 3072; x_wconf 90' lang='lat' dir='ltr'>licet.</span> 
     </span>
     <span class='ocr_line' id='line_1_26' title="bbox 284 3112 1454 3200; baseline 0.002 -20"><span class='ocrx_word' id='word_1_182' title='bbox 284 3112 359 3192; x_wconf 92' lang='lat' dir='ltr'>Quo</span> <span class='ocrx_word' id='word_1_183' title='bbox 384 3115 563 3180; x_wconf 89' lang='lat' dir='ltr'>ohscurior</span> <span class='ocrx_word' id='word_1_184' title='bbox 589 3115 632 3180; x_wconf 88' lang='lat' dir='ltr'>fit</span> <span class='ocrx_word' id='word_1_185' title='bbox 655 3114 874 3181; x_wconf 85' lang='lat' dir='ltr'>Tiberius.</span> <span class='ocrx_word' id='word_1_186' title='bbox 921 3114 1006 3182; x_wconf 85' lang='lat' dir='ltr'>Cum</span> <span class='ocrx_word' id='word_1_187' title='bbox 1036 3116 1125 3180; x_wconf 76' lang='lat' dir='ltr'>aeta</span> <span class='ocrx_word' id='word_1_188' title='bbox 1157 3118 1193 3182; x_wconf 86' lang='lat' dir='ltr'>et</span> <span class='ocrx_word' id='word_1_189' title='bbox 1225 3115 1376 3200; x_wconf 76' lang='grc' dir='ltr'><strong><em>κόμματα</em></strong></span> <span class='ocrx_word' id='word_1_190' title='bbox 1409 3119 1454 3182; x_wconf 93' lang='lat' dir='ltr'>ab</span> 
     </span>
     <span class='ocr_line' id='line_1_27' title="bbox 285 3221 1455 3305; baseline 0.001 -19"><span class='ocrx_word' id='word_1_191' title='bbox 285 3221 360 3286; x_wconf 91' lang='lat' dir='ltr'>aliis</span> <span class='ocrx_word' id='word_1_192' title='bbox 384 3222 618 3303; x_wconf 84' lang='lat' dir='ltr'>grammaticis</span> <span class='ocrx_word' id='word_1_193' title='bbox 641 3222 904 3305; x_wconf 85' lang='lat' dir='ltr'>distinguantur,</span> <span class='ocrx_word' id='word_1_194' title='bbox 927 3223 983 3288; x_wconf 91' lang='lat' dir='ltr'>hic</span> <span class='ocrx_word' id='word_1_195' title='bbox 999 3239 1042 3288; x_wconf 90' lang='lat' dir='ltr'>ea</span> <span class='ocrx_word' id='word_1_196' title='bbox 1058 3224 1239 3288; x_wconf 84' lang='lat' dir='ltr'>confundit</span> <span class='ocrx_word' id='word_1_197' title='bbox 1253 3227 1289 3288; x_wconf 88' lang='lat' dir='ltr'>et</span> <span class='ocrx_word' id='word_1_198' title='bbox 1304 3223 1455 3304; x_wconf 74' lang='grc' dir='ltr'><strong><em>κόμματα</em></strong></span> 
     </span>
     <span class='ocr_line' id='line_1_28' title="bbox 283 3326 1455 3412; baseline 0.003 -19"><span class='ocrx_word' id='word_1_199' title='bbox 283 3329 367 3394; x_wconf 87' lang='lat' dir='ltr'>facit</span> <span class='ocrx_word' id='word_1_200' title='bbox 389 3331 506 3409; x_wconf 90' lang='lat' dir='ltr'>partes</span> <span class='ocrx_word' id='word_1_201' title='bbox 530 3330 693 3395; x_wconf 89' lang='lat' dir='ltr'>colorum.</span> <span class='ocrx_word' id='word_1_202' title='bbox 740 3326 836 3406; x_wconf 89' lang='lat' dir='ltr'>Quae</span> <span class='ocrx_word' id='word_1_203' title='bbox 859 3329 1009 3412; x_wconf 79' lang='grc' dir='ltr'><strong><em>κόμματα</em></strong></span> <span class='ocrx_word' id='word_1_204' title='bbox 1034 3331 1064 3395; x_wconf 92' lang='lat' dir='ltr'>si</span> <span class='ocrx_word' id='word_1_205' title='bbox 1087 3332 1130 3395; x_wconf 89' lang='lat' dir='ltr'>ah</span> <span class='ocrx_word' id='word_1_206' title='bbox 1154 3331 1278 3395; x_wconf 87' lang='lat' dir='ltr'>eadem</span> <span class='ocrx_word' id='word_1_207' title='bbox 1302 3330 1455 3396; x_wconf 91' lang='lat' dir='ltr'>dictione</span> 
     </span>
     <span class='ocr_line' id='line_1_29' title="bbox 284 3435 1454 3519; baseline 0.002 -19"><span class='ocrx_word' id='word_1_208' title='bbox 284 3436 456 3519; x_wconf 88' lang='lat' dir='ltr'>incipiant,</span> <span class='ocrx_word' id='word_1_209' title='bbox 480 3437 691 3516; x_wconf 92' lang='lat' dir='ltr'>anaphoram</span> <span class='ocrx_word' id='word_1_210' title='bbox 716 3452 797 3502; x_wconf 90' lang='lat' dir='ltr'>esse</span> <span class='ocrx_word' id='word_1_211' title='bbox 820 3439 926 3516; x_wconf 87' lang='lat' dir='ltr'>putat</span> <span class='ocrx_word' id='word_1_212' title='bbox 972 3435 1079 3514; x_wconf 88' lang='lat' dir='ltr'>Quasi</span> <span class='ocrx_word' id='word_1_213' title='bbox 1102 3452 1172 3501; x_wconf 93' lang='lat' dir='ltr'>non</span> <span class='ocrx_word' id='word_1_214' title='bbox 1195 3437 1273 3517; x_wconf 92' lang='lat' dir='ltr'>ipsa</span> <span class='ocrx_word' id='word_1_215' title='bbox 1296 3436 1385 3500; x_wconf 77' lang='grc' dir='ltr'><strong><em>κῶλα</em></strong></span> <span class='ocrx_word' id='word_1_216' title='bbox 1409 3439 1454 3502; x_wconf 91' lang='lat' dir='ltr'>ab</span> 
     </span>
     <span class='ocr_line' id='line_1_30' title="bbox 286 3541 1458 3624; baseline 0.001 -17"><span class='ocrx_word' id='word_1_217' title='bbox 286 3542 409 3607; x_wconf 90' lang='lat' dir='ltr'>eadem</span> <span class='ocrx_word' id='word_1_218' title='bbox 434 3542 584 3607; x_wconf 89' lang='lat' dir='ltr'>dictione</span> <span class='ocrx_word' id='word_1_219' title='bbox 606 3543 758 3623; x_wconf 90' lang='lat' dir='ltr'>incipere</span> <span class='ocrx_word' id='word_1_220' title='bbox 779 3541 933 3623; x_wconf 90' lang='lat' dir='ltr'>possint!</span> <span class='ocrx_word' id='word_1_221' title='bbox 957 3543 1221 3624; x_wconf 87' lang='lat' dir='ltr'>Anonymus</span> <span class='ocrx_word' id='word_1_222' title='bbox 1245 3560 1348 3623; x_wconf 94' lang='lat' dir='ltr'>porro</span> <span class='ocrx_word' id='word_1_223' title='bbox 1371 3544 1458 3608; x_wconf 91' lang='lat' dir='ltr'>nihil</span> 
     </span>
     <span class='ocr_line' id='line_1_31' title="bbox 286 3647 1457 3734; baseline 0 -20"><span class='ocrx_word' id='word_1_224' title='bbox 286 3650 369 3714; x_wconf 89' lang='lat' dir='ltr'>novi</span> <span class='ocrx_word' id='word_1_225' title='bbox 385 3649 496 3713; x_wconf 85' lang='lat' dir='ltr'>aiiert.</span> <span class='ocrx_word' id='word_1_226' title='bbox 526 3650 682 3715; x_wconf 91' lang='lat' dir='ltr'>loanni</span> <span class='ocrx_word' id='word_1_227' title='bbox 707 3648 859 3716; x_wconf 92' lang='lat' dir='ltr'>Siculo</span> <span class='ocrx_word' id='word_1_228' title='bbox 884 3655 999 3717; x_wconf 91' lang='lat' dir='ltr'>autem</span> <span class='ocrx_word' id='word_1_229' title='bbox 1022 3653 1199 3731; x_wconf 88' lang='lat' dir='ltr'>anaphora</span> <span class='ocrx_word' id='word_1_230' title='bbox 1215 3654 1271 3717; x_wconf 90' lang='lat' dir='ltr'>est</span> <span class='ocrx_word' id='word_1_231' title='bbox 1291 3647 1457 3734; x_wconf 75' lang='grc' dir='ltr'><strong><em>περόαόας.</em></strong></span> 
     </span>
     <span class='ocr_line' id='line_1_32' title="bbox 287 3754 1459 3839; baseline 0.002 -19"><span class='ocrx_word' id='word_1_232' title='bbox 287 3754 384 3833; x_wconf 88' lang='lat' dir='ltr'>Quae</span> <span class='ocrx_word' id='word_1_233' title='bbox 406 3772 478 3821; x_wconf 86' lang='lat' dir='ltr'>vox</span> <span class='ocrx_word' id='word_1_234' title='bbox 501 3772 630 3837; x_wconf 90' lang='lat' dir='ltr'>anceps</span> <span class='ocrx_word' id='word_1_235' title='bbox 655 3760 718 3822; x_wconf 89' lang='lat' dir='ltr'>est</span> <span class='ocrx_word' id='word_1_236' title='bbox 754 3757 816 3824; x_wconf 83' lang='lat' dir='ltr'>Est</span> <span class='ocrx_word' id='word_1_237' title='bbox 839 3760 930 3822; x_wconf 91' lang='lat' dir='ltr'>enim</span> <span class='ocrx_word' id='word_1_238' title='bbox 954 3761 990 3839; x_wconf 89' lang='lat' dir='ltr'>et</span> <span class='ocrx_word' id='word_1_239' title='bbox 1013 3758 1173 3822; x_wconf 91' lang='lat' dir='ltr'>circuitus</span> <span class='ocrx_word' id='word_1_240' title='bbox 1196 3756 1363 3822; x_wconf 88' lang='lat' dir='ltr'>orationis</span> <span class='ocrx_word' id='word_1_241' title='bbox 1380 3756 1459 3822; x_wconf 91' lang='lat' dir='ltr'>sive</span> 
     </span>
     <span class='ocr_line' id='line_1_33' title="bbox 288 3861 1460 3942; baseline -0.003 -14"><span class='ocrx_word' id='word_1_242' title='bbox 288 3863 552 3942; x_wconf 88' lang='lat' dir='ltr'>comprehensio</span> <span class='ocrx_word' id='word_1_243' title='bbox 577 3864 612 3928; x_wconf 88' lang='lat' dir='ltr'>et</span> <span class='ocrx_word' id='word_1_244' title='bbox 636 3865 796 3930; x_wconf 89' lang='lat' dir='ltr'>circuitus</span> <span class='ocrx_word' id='word_1_245' title='bbox 829 3867 904 3929; x_wconf 91' lang='lat' dir='ltr'>sive</span> <span class='ocrx_word' id='word_1_246' title='bbox 927 3864 1067 3928; x_wconf 82' lang='lat' dir='ltr'>reditus</span> <span class='ocrx_word' id='word_1_247' title='bbox 1106 3861 1141 3929; x_wconf 90' lang='lat' dir='ltr'>Si</span> <span class='ocrx_word' id='word_1_248' title='bbox 1163 3863 1312 3928; x_wconf 88' lang='lat' dir='ltr'>loannes</span> <span class='ocrx_word' id='word_1_249' title='bbox 1337 3865 1460 3928; x_wconf 90' lang='lat' dir='ltr'>censet</span> 
     </span>
     <span class='ocr_line' id='line_1_34' title="bbox 288 3969 1459 4052; baseline -0.001 -19"><span class='ocrx_word' id='word_1_250' title='bbox 288 3969 500 4049; x_wconf 89' lang='lat' dir='ltr'>anaphoram</span> <span class='ocrx_word' id='word_1_251' title='bbox 531 3985 613 4035; x_wconf 90' lang='lat' dir='ltr'>esse</span> <span class='ocrx_word' id='word_1_252' title='bbox 644 3972 998 4052; x_wconf 88' lang='lat' dir='ltr'>comprehensionem,</span> <span class='ocrx_word' id='word_1_253' title='bbox 1031 3986 1121 4050; x_wconf 91' lang='lat' dir='ltr'>quae</span> <span class='ocrx_word' id='word_1_254' title='bbox 1153 3971 1277 4036; x_wconf 89' lang='lat' dir='ltr'>eadem</span> <span class='ocrx_word' id='word_1_255' title='bbox 1307 3969 1459 4035; x_wconf 90' lang='lat' dir='ltr'>dictione</span> 
     </span>
     <span class='ocr_line' id='line_1_35' title="bbox 289 4075 1460 4159; baseline 0 -19"><span class='ocrx_word' id='word_1_256' title='bbox 289 4075 430 4155; x_wconf 89' lang='lat' dir='ltr'>saepius</span> <span class='ocrx_word' id='word_1_257' title='bbox 459 4080 663 4159; x_wconf 88' lang='lat' dir='ltr'>resumatur,</span> <span class='ocrx_word' id='word_1_258' title='bbox 697 4081 789 4142; x_wconf 89' lang='lat' dir='ltr'>certe</span> <span class='ocrx_word' id='word_1_259' title='bbox 818 4094 895 4142; x_wconf 95' lang='lat' dir='ltr'>eam</span> <span class='ocrx_word' id='word_1_260' title='bbox 919 4075 1094 4157; x_wconf 73' lang='lat' dir='ltr'>significat</span> <span class='ocrx_word' id='word_1_261' title='bbox 1117 4079 1338 4159; x_wconf 90' lang='lat' dir='ltr'>anaphoram,</span> <span class='ocrx_word' id='word_1_262' title='bbox 1368 4092 1460 4157; x_wconf 88' lang='lat' dir='ltr'>quae</span> 
     </span>
     <span class='ocr_line' id='line_1_36' title="bbox 290 4182 1459 4266; baseline 0.001 -19"><span class='ocrx_word' id='word_1_263' title='bbox 290 4182 410 4247; x_wconf 89' lang='lat' dir='ltr'>ordine</span> <span class='ocrx_word' id='word_1_264' title='bbox 433 4184 617 4247; x_wconf 90' lang='lat' dir='ltr'>verborum</span> <span class='ocrx_word' id='word_1_265' title='bbox 640 4186 775 4249; x_wconf 91' lang='lat' dir='ltr'>tantum</span> <span class='ocrx_word' id='word_1_266' title='bbox 799 4183 956 4266; x_wconf 85' lang='lat' dir='ltr'>eflicitur,</span> <span class='ocrx_word' id='word_1_267' title='bbox 988 4184 1040 4248; x_wconf 91' lang='lat' dir='ltr'>sin</span> <span class='ocrx_word' id='word_1_268' title='bbox 1071 4187 1187 4249; x_wconf 90' lang='lat' dir='ltr'>autem</span> <span class='ocrx_word' id='word_1_269' title='bbox 1209 4184 1357 4248; x_wconf 90' lang='lat' dir='ltr'>reditum</span> <span class='ocrx_word' id='word_1_270' title='bbox 1381 4199 1459 4248; x_wconf 90' lang='lat' dir='ltr'>ver-</span> 
     </span>
     <span class='ocr_line' id='line_1_37' title="bbox 289 4289 1460 4383; baseline 0.006 -26"><span class='ocrx_word' id='word_1_271' title='bbox 289 4290 422 4383; x_wconf 77' lang='lat' dir='ltr'>borum,</span> <span class='ocrx_word' id='word_1_272' title='bbox 446 4290 588 4357; x_wconf 87' lang='lat' dir='ltr'>alteram</span> <span class='ocrx_word' id='word_1_273' title='bbox 610 4291 713 4358; x_wconf 89' lang='lat' dir='ltr'>illam.</span> <span class='ocrx_word' id='word_1_274' title='bbox 750 4289 916 4377; x_wconf 86' lang='lat' dir='ltr'>Exempla</span> <span class='ocrx_word' id='word_1_275' title='bbox 939 4291 974 4361; x_wconf 89' lang='lat' dir='ltr'>in</span> <span class='ocrx_word' id='word_1_276' title='bbox 998 4293 1181 4378; x_wconf 88' lang='lat' dir='ltr'>utramque</span> <span class='ocrx_word' id='word_1_277' title='bbox 1204 4293 1338 4378; x_wconf 87' lang='lat' dir='ltr'>partem</span> <span class='ocrx_word' id='word_1_278' title='bbox 1360 4290 1460 4363; x_wconf 85' lang='lat' dir='ltr'>intel-</span> 
     </span>
    </p>
   </div>
   <div class='ocr_carea' id='block_1_7' title="bbox 0 0 1549 4876">
    <p class='ocr_par' dir='ltr' id='par_1_7' title="bbox 0 0 1549 4876">
     <span class='ocr_line' id='line_1_38' title="bbox 0 0 1549 4876; baseline 0 0"><span class='ocrx_word' id='word_1_279' title='bbox 0 0 1549 4876; x_wconf 95' lang='lat' dir='ltr'> </span> 
     </span>
    </p>
   </div>
  </div>
 </body>
</html>
