3052 4876
716 219 905 280 ..44-

227 402 377 467 vidimus
403 402 543 481 poetam
557 397 741 478 particulas
760 399 911 461 maxime
937 395 1084 458 usitatas
1101 391 1240 470 evitare,
1260 392 1399 467 anapho

226 525 283 572 ras
299 508 481 589 cumulare,
505 523 564 570 cur
589 507 795 586 dubitamus,
820 521 898 568 cum
914 505 1004 568 hanc
1018 504 1167 582 figuram
1188 514 1257 574 tam
1279 502 1400 565 crebro

227 607 559 696 animadvertamus,
587 614 668 696 quin
702 613 879 692 anaphora
901 630 964 693 pro
987 615 1074 694 ipsis
1098 616 1401 681 coniunctionibus

227 723 273 787 sit
295 719 440 802 posita‘?

334 828 379 893 At
401 830 553 893 tortasse
574 829 646 909 erit,
675 828 732 907 qui
757 831 861 908 neget
885 830 1096 909 anaphoram
1121 830 1401 894 coniunctionem

228 954 309 1002 esse
333 953 449 1019 posse,
472 936 552 1019 quia
566 925 771 1015 repetitione
796 937 979 998 verborum
1002 937 1060 1000 illa
1075 939 1180 1002 verba
1196 939 1273 1017 ipsa
1287 937 1402 1018 magis

228 1060 331 1124 quam
356 1060 398 1108 ea
431 1059 520 1123 quae
553 1043 729 1122 anaphora
753 1043 996 1122 coniungenda
1019 1047 1109 1126 sunt,
1133 1045 1282 1124 insignia
1304 1044 1402 1108 liant.

228 1148 328 1228 Quod
362 1151 421 1234 qui
454 1150 639 1231 contendit,
673 1151 785 1215 nescit
818 1151 994 1229 anaphora
1026 1168 1097 1214 non
1126 1168 1204 1215 raro
1229 1152 1335 1216 verba
1360 1167 1405 1215 ea

229 1274 310 1322 esse
343 1259 534 1340 coniuncta,
567 1273 656 1340 quae
689 1258 783 1340 quod
806 1259 888 1321 sunt
912 1259 1090 1341 contraria,
1114 1259 1225 1338 magis
1250 1258 1405 1323 eminere

229 1381 376 1430 necesse
409 1367 472 1428 est.
510 1364 615 1429 Velut
645 1365 729 1429 illud
754 1364 948 1449 Vergilii:¹)

229 1471 294 1548 Qui
316 1489 419 1554 mare,
443 1473 501 1555 qui
523 1474 633 1536 terras
658 1473 752 1537 omni
776 1473 911 1538 dicione
933 1477 1100 1555 tenerent,

229 1582 285 1644 vel
308 1581 392 1644 illud
415 1578 578 1663 Ovidii:2)

229 1688 294 1752 Tot
317 1688 393 1751 sine
417 1702 536 1751 amore
559 1688 631 1763 viri,
655 1690 707 1750 tot
731 1691 813 1752 sunt
836 1689 912 1752 sine
936 1705 1054 1753 amore
1077 1691 1220 1768 puellae.

229 1794 381 1875 Apparet
415 1795 483 1858 vim
519 1795 669 1873 positam
699 1811 769 1858 non
804 1812 885 1859 esse
920 1798 954 1859 in
990 1797 1058 1876 qui
1092 1801 1127 1861 et
1160 1800 1234 1879 tot,
1269 1799 1333 1861 sed
1368 1799 1405 1862 in

229 1919 353 1983 mare,
382 1904 528 1983 terras,
561 1902 648 1984 viri,
684 1902 854 1982 puellae.
912 1900 1070 1967 Ceterum
1100 1905 1305 1984 repetitione
1333 1921 1404 1969 non

231 2011 344 2077 solum
368 2026 424 2074 res
441 2009 482 2072 lit
499 2009 638 2088 gravior
654 2013 688 2072 et
703 2011 916 2092 eminentior,
941 2012 1004 2074 sed
1028 2011 1132 2075 etiam
1156 2011 1272 2074 levior.
1303 2009 1406 2087 Quod

232 2134 308 2180 cum
340 2118 492 2180 nondum
526 2116 783 2197 disputaverim,
814 2133 906 2181 nuno
929 2118 1099 2197 insequar.
1149 2115 1293 2182 Constat
1328 2135 1406 2182 ver-

232 2226 312 2287 bum
342 2224 505 2304 auditum,
534 2224 565 2287 si
592 2225 742 2301 iteratur,
773 2228 937 2287 nontam
966 2225 1107 2287 attentis
1132 2225 1271 2288 auribus
1296 2226 1406 2305 accipi

232 2349 336 2412 quam
360 2336 471 2413 antea,
496 2332 559 2395 sed
582 2333 689 2395 verba
711 2332 856 2410 repetita
889 2348 971 2411 prae
994 2332 1097 2395 novis
1120 2331 1318 2412 hebescere,
1342 2348 1405 2395 no-

232 2456 313 2504 vum
339 2443 455 2502 autem
471 2439 678 2502 vocabulum
694 2455 738 2502 ne
761 2439 808 2501 ibi
832 2439 981 2520 quidem,
1004 2438 1062 2502 ubi
1087 2439 1263 2518 anaphora
1287 2439 1405 2502 multis

232 2547 348 2610 verbis
366 2546 592 2627 componitur,
609 2546 793 2627 exstingui,
816 2546 851 2609 id
867 2547 960 2628 quod
986 2546 1135 2610 maxime
1159 2546 1306 2609 illustrat
1321 2545 1405 2609 illud

232 2652 394 2738 Ovidiizi)

232 2759 274 2823 ut
297 2776 484 2839 superesse
508 2761 603 2823 videt
626 2760 670 2823 de
693 2763 746 2824 tot
769 2761 873 2824 modo
898 2761 1036 2823 milibus
1059 2777 1170 2824 unum

232 2866 274 2932 llt
297 2883 484 2947 superesse
507 2867 603 2932 videt
626 2869 669 2931 de
693 2871 746 2931 tot
768 2868 874 2930 modo
898 2867 1036 2931 milibus
1060 2883 1177 2949 unam,

233 2975 406 3040 Innocuos
430 2977 563 3054 ambos
586 2976 737 3040 cultores
765 2977 915 3039 numinis
940 2977 1071 3040 ambos

234 3081 370 3147 Scilicet
394 3083 569 3147 numerale
594 3087 649 3147 est
672 3085 767 3163 quod
790 3101 868 3148 curn
892 3084 927 3148 vi
951 3083 1123 3148 efferatur.

341 3189 460 3270 Neque
485 3190 637 3274 deerunt,
666 3193 733 3273 qui,
763 3193 830 3256 etsi
855 3192 924 3255 vim
953 3192 1184 3271 copulativam
1208 3191 1407 3270 anaphorae

235 3298 488 3380 approbabunt,
516 3301 631 3363 tamen
655 3303 785 3379 negent
810 3300 854 3362 ab
886 3299 1080 3363 oratoribus
1113 3301 1148 3362 et
1180 3298 1293 3376 poetis
1325 3312 1406 3383 con-

235 3405 487 3485 iungendarum
504 3407 751 3470 sententiarum
770 3421 875 3469 causa
897 3422 974 3470 eam
998 3406 1161 3485 adhiberi,
1185 3405 1279 3483 quod
1296 3403 1406 3467 offici-

236 3528 294 3575 um
326 3513 559 3592 coniungendi
593 3514 747 3576 membra
770 3513 879 3577 multo
904 3515 1085 3592 superetur
1108 3511 1167 3575 illo
1192 3511 1299 3574 altero
1325 3527 1406 3574 ana-

236 3622 366 3700 phorae
399 3619 527 3701 oliici0,
560 3619 653 3698 quod
685 3620 729 3683 ad
757 3620 1060 3700 amplificationem
1085 3621 1227 3698 spectat.
1274 3615 1406 3693 Quibus

237 3744 307 3792 non
338 3728 439 3807 plane
471 3743 637 3808 repugno,
669 3728 731 3790 sed
764 3730 881 3792 tamen
914 3728 1116 3807 plerumque
1149 3727 1219 3789 vim
1245 3725 1406 3789 coniunc-

237 3837 340 3899 tionis
364 3836 589 3914 insigniorem
604 3851 685 3898 esse
708 3835 765 3899 illa
789 3835 979 3899 exornandi
1004 3839 1038 3897 et
1061 3834 1211 3912 augendi
1233 3849 1294 3913 pro
1311 3833 1406 3896 certo

237 3945 360 4008 habeo.
406 3941 491 4007 Nam
515 3943 597 4006 mihi
622 3944 760 4006 conanti
785 3942 980 4020 anaphoras
1004 3940 1037 4003 in
1063 3956 1192 4020 genera
1220 3941 1270 4004 sic
1295 3938 1406 4005 distri-

346 4106 368 4171 1)
389 4107 454 4159 Aen.
474 4105 566 4159 1236.

344 4192 615 4261 bmssfflffi

344 4281 368 4350 ⁸)
388 4284 453 4340 liet.
472 4284 485 4338 I
504 4282 564 4340 aba.
