3052 4876
664 253 862 316 ...39-

178 431 280 495 hians
304 432 390 494 iam
422 430 603 509 iamque
635 431 760 494 tenet
784 429 955 508 similique
978 429 1158 493 tenenti
1182 428 1352 508 increpuit

180 537 279 601 malis
296 553 484 618 morsuque
500 537 620 602 elusus
636 537 728 601 inani
743 540 815 601 est‘
837 535 914 600 Non
929 536 1198 616 praetermittam
1214 535 1352 600 silentio

180 644 269 708 duos
293 644 400 725 loaoS,
424 644 459 707 in
483 643 610 723 quibus
635 643 840 724 perpulchra
863 645 919 709 est
941 644 1154 726 repetition)
1178 638 1352 725 ,Quasque

178 750 290 814 male
313 750 437 832 amisit,
461 766 552 814 nune
575 751 692 814 male
717 751 850 830 quaerit
864 751 961 829 opes‘
984 751 1072 833 east)
1102 748 1154 832 ,Et
1177 764 1352 829 semper

178 873 285 921 eausa
308 860 372 938 est,
396 873 455 921 our
479 873 546 936 ego
570 872 746 937 semper
770 861 901 922 amem!

286 963 352 1030 Sed
383 965 450 1029 hae
482 968 564 1029 sunt
586 980 649 1029 eae
680 964 914 1045 repetitiones,
946 981 1037 1045 quae
1068 965 1102 1028 in
1134 964 1257 1043 figuris
1281 979 1352 1027 non

176 1075 406 1136 numerentur.
453 1071 599 1152 Figurae
623 1072 715 1136 enim
738 1072 955 1151 repetitionis
979 1074 1078 1136 sunt:

283 1180 315 1262 a)
339 1178 565 1259 Polyptoton:
581 1176 701 1242 Fallite
716 1178 887 1244 fallentes.
896 1179 923 1262 ⁸)

283 1288 317 1370 b)
343 1284 622 1365 conduplicatio:
636 1301 737 1369 nunc,
756 1303 849 1350 nuno
867 1285 1037 1366 insurgite
1054 1285 1168 1367 remis,
1179 1285 1205 1369 ⁴)
1230 1284 1351 1350 Procul

337 1409 358 1456 o
383 1393 502 1472 procul
526 1395 602 1456 este
626 1392 769 1472 profani.
779 1394 806 1477 ⁵)

285 1500 317 1583 o)
340 1497 597 1579 Reduplicatio:
620 1498 695 1564 Hoo
720 1501 870 1580 spatium
903 1502 1108 1580 tantumque
1139 1515 1258 1565 morae
1285 1499 1351 1564 luit

337 1606 395 1671 Ilo.
426 1605 475 1671 llo
492 1622 642 1686 namque
658 1607 778 1686 procul
801 1607 951 1672 validam
975 1607 1146 1672 direxerat
1168 1608 1350 1690 hastamil

281 1715 317 1797 d)
341 1713 581 1794 Epanalepsis:
604 1712 699 1779 Vidit
722 1763 728 1778 .
755 1766 761 1780 .
786 1764 793 1778 .
817 1763 824 1778 .
848 1713 942 1779 Vidit
964 1715 1000 1779 et
1021 1714 1206 1799 incaluitp

284 1822 316 1904 e)
340 1819 527 1901 Epiphora:
551 1819 719 1886 lubebant
742 1822 891 1904 eredere,
914 1821 1144 1902 prohibebant
1165 1821 1349 1904 erederei)

288 1927 315 2006 i)
340 1926 535 2007 Anaphora.

336 2033 440 2098 Modo
472 2034 556 2098 nihil
588 2033 656 2098 leci
687 2035 754 2098 nisi
785 2037 824 2100 ut
853 2035 986 2114 figuras
1018 2035 1234 2114 repetitionis
1266 2051 1349 2099 enu-

174 2156 353 2205 merarem.
401 2140 522 2205 Nonne
547 2142 650 2206 etiam
675 2141 719 2205 ad
743 2144 856 2205 certas
879 2140 977 2220 leges
1001 2142 1212 2221 redigendae
1235 2140 1349 2206 sunt‘?

174 2245 264 2312 Sane
288 2248 436 2328 quidem.
481 2247 664 2312 Distinotio
688 2248 780 2310 enim
803 2247 880 2309 lieri
903 2250 1036 2324 potest:
1061 2250 1120 2310 aut

218 2373 260 2457 A)
285 2390 305 2437 a
329 2374 489 2452 specie
512 2371 727 2450 repetitionis
752 2371 872 2453 duota;
908 2371 938 2434 si
961 2371 1068 2435 verba
1090 2371 1237 2449 repetita
1265 2387 1346 2435 con-

175 2478 387 2546 siderentur:

241 2581 256 2648 Ι
280 2599 350 2663 quo
375 2582 496 2648 ordine
519 2586 748 2667 resumantur,

282 2692 315 2776 a)
337 2693 451 2756 utrum
476 2691 602 2756 eodem
625 2690 790 2775 mainel)

278 2798 314 2882 b)
339 2814 382 2863 an
405 2813 467 2878 per
490 2795 627 2879 χιασμόν
652 2813 755 2878 quem
779 2799 993 2880 grammatici
1017 2800 1200 2882 appellant,
1211 2803 1252 2885 1⁰)

280 2905 311 2989 o)
336 2921 380 2970 an
403 2906 534 2970 incerto
559 2905 737 2990 ordine.¹¹)

231 3028 260 3093 Il
285 3029 399 3109 qualia
423 3030 501 3113 sint,

280 3136 312 3220 a)
337 3138 451 3200 utrum
474 3136 576 3216 plane
600 3136 705 3219 paria,
716 3140 756 3221 12)

279 3314 302 3381 ¹)
323 3316 373 3372 Or.
392 3317 457 3372 Her.
477 3317 575 3387 Suppli.
594 3317 637 3373 60.

277 3403 302 3471 2)
322 3404 386 3460 ibid.
405 3405 448 3462 80.

278 3491 302 3558 ⁸)
323 3494 373 3549 Ov.
393 3511 446 3550 ars.
465 3512 517 3550 am.
537 3495 631 3551 1645.

278 3581 302 3646 ⁴)
324 3584 389 3637 Aen.
409 3583 433 3634 V
453 3584 496 3638 89.

278 3670 303 3735 ⁶)
322 3675 389 3729 Aen.
411 3673 530 3727 v1258.

277 3758 302 3826 θ)
321 3763 389 3818 Aen.
408 3761 433 3816 X
451 3761 513 3816 400.

276 3849 301 3911 ⁷)
320 3850 371 3907 Ov.
390 3849 500 3907 11306.

277 3938 302 4005 ⁸)
321 3940 432 3994 Metam.
451 3941 506 3995 v11
525 3940 586 3996 716.

278 4027 302 4091 ⁹)
322 4030 468 4099 anaphora,
486 4029 622 4099 epiphora.

264 4114 301 4184 ¹⁰)
320 4116 509 4186 reduplicatio.

263 4204 299 4270 n)
319 4207 488 4276 polyptoton,
508 4208 685 4277 epanalepsis.

264 4293 300 4371 ra)
319 4293 528 4371 conduplicatio,
548 4297 726 4371 epanalepsis.
