3052 4876
669 361 709 373 ..
750 322 791 390 81
828 361 870 372 -

478 505 511 590 a)
535 503 714 570 Vocula
738 504 817 586 ,et‘
841 501 1060 583 praediti:

177 631 279 701 Georg.
299 632 314 684 Ι
332 630 393 687 341.
431 630 524 686 Tunc
543 629 610 700 agni
628 628 745 699 pingues
771 635 805 682 et
823 632 903 684 tunc
921 625 1079 682 mollissima
1097 624 1172 692 vina,

232 720 336 789 Tunc
354 719 441 774 somni
459 719 559 785 dulces,
1143 716 1145 720 ’

175 811 220 865 Ex
239 811 320 865 Pont.
338 811 369 864 lll
387 810 413 877 3,
432 810 475 864 67.
512 810 591 874 Per,
612 823 672 862 mea
691 807 755 872 tela,
776 807 850 861 faces
869 814 906 860 et
924 822 984 875 per
1002 821 1063 860 men
1080 804 1146 872 tela,
1165 802 1293 872 sagittas,

231 899 286 954 Per
304 906 420 953 matrem
438 898 506 952 iuro.

414 1024 449 1106 h)
473 1023 642 1086 vocula
665 1019 788 1104 ,que‘
813 1021 1121 1086 abundantes:
1206 983 1209 986 Α

178 1149 243 1204 liet.
263 1150 308 1202 Vll
327 1149 370 1203 94.
402 1149 472 1202 Per
490 1165 568 1202 sacra
581 1147 714 1201 triformis
752 1165 756 1171 ·

232 1238 282 1293 Ille
301 1239 367 1293 deae
386 1238 499 1306 lucoque
517 1241 590 1291 foret
608 1238 679 1306 quod
699 1253 798 1291 numen
816 1236 846 1290 iu
865 1235 920 1301 illo,

231 1328 367 1395 Perque
386 1335 492 1396 patrem
511 1326 596 1380 soceri
615 1333 769 1380 cernentem
789 1330 889 1379 cuncta
907 1323 994 1379 futuri

230 1418 409 1485 Eventusque
427 1431 498 1481 suos,
517 1430 583 1483 per
602 1420 682 1469 tante
700 1414 821 1482 pericula
838 1414 921 1467 iurat.

176 1506 243 1561 Met.
263 1506 320 1558 lilii
338 1506 398 1559 375.
436 1505 507 1558 Per
525 1520 587 1574 spes
605 1521 677 1559 nunc
695 1503 782 1559 socies
801 1518 950 1571 casuraque
969 1503 1075 1558 moenia
1093 1504 1194 1558 Troum

231 1597 369 1663 Perque
389 1597 453 1649 deos
472 1584 526 1661 oro,
547 1610 614 1663 quos
633 1594 705 1649 hosti
725 1608 811 1662 nuper
830 1593 926 1659 ademi,

231 1686 297 1739 Per
316 1684 339 1738 si
358 1685 424 1752 quid
444 1694 577 1753 superest.

176 1777 218 1830 Ex
237 1776 317 1828 Pont.
337 1776 349 1827 Ι
369 1775 395 1839 4,
416 1775 439 1829 1.
476 1775 550 1826 Iam
569 1773 635 1827 milri
655 1772 772 1827 deterior
791 1772 866 1827 cauis
885 1772 1060 1841 adspergitur
1079 1777 1165 1836 aetus,

230 1865 377 1931 Iamque
398 1879 470 1916 meos
490 1865 585 1917 vultus
604 1879 675 1931 ruga
693 1862 787 1917 senilis
806 1869 876 1928 arat,

230 1955 300 2008 Iam
320 1952 401 2021 vigor
420 1960 448 2006 et
466 1953 539 2005 lasso
558 1952 739 2020 languentia
759 1966 869 2019 corpore
888 1952 970 2006 vires.

175 2045 216 2098 lb.
235 2043 296 2098 603.
334 2042 381 2095 Ut
400 2057 471 2095 nova
489 2040 623 2094 Phasiaca
642 2057 795 2109 compressa
813 2049 856 2094 est
874 2050 960 2109 nupta
978 2055 1077 2094 corona

230 2132 342 2199 thue
362 2138 441 2199 pater
459 2137 561 2198 nuptae
581 2146 695 2198 cumque
714 2137 827 2198 parente
847 2131 950 2184 domus.

230 2222 274 2276 Ut
293 2214 377 2275 cmor'
387 2220 536 2274 Herculeos
555 2218 626 2272 abiit
645 2219 760 2273 diffusus
778 2219 806 2273 in
826 2226 903 2273 artus

230 2311 349 2379 Corpora
367 2309 526 2378 pestiferum
545 2301 652 2363 sic'tua
672 2309 746 2363 virus
765 2310 850 2362 edet.'

283 2434 358 2498 Huc
381 2435 486 2497 etiam
509 2434 680 2513 pertinere
705 2433 880 2496 videntur:

175 2564 218 2619 lix
238 2563 317 2616 Pont.
336 2561 355 2615 ll
374 2561 399 2627 2,
419 2560 461 2614 99.
488 2560 556 2612 Hoc
576 2567 654 2627 pater
671 2559 716 2613 ille
735 2565 799 2613 tuus
819 2559 903 2627 primo
924 2558 989 2612 mihi
1008 2560 1098 2613 cultus
1117 2560 1150 2614 ab
1170 2576 1246 2628 sevo,

230 2652 342 2721 Siquid
362 2653 444 2706 habet
463 2665 557 2704 sensus
577 2651 672 2703 umbra
691 2650 801 2715 diserta,
821 2650 924 2718 petit.

231 2743 298 2797 Hoc
317 2741 415 2810 petit
434 2747 470 2794 et
490 2739 586 2805 irater,
606 2738 730 2807 quamvis
749 2739 866 2793 fortasse
885 2744 1004 2806 vetetur,

229 2831 362 2887 Servandi
381 2836 480 2885 noceat
498 2845 532 2883 ne
550 2829 602 2883 tibi
621 2846 687 2884 cura
705 2829 768 2883 mei.

233 2919 305 2973 'Pota
324 2921 416 2974 domus
435 2918 532 2988 petit
550 2920 620 2972 hoc.

286 3039 355 3107 Sed
389 3044 476 3107 haec
501 3043 679 3106 hactenus,
727 3041 909 3122 Reliquum
943 3047 1006 3126 est,
1040 3048 1079 3109 ut
1109 3045 1144 3109 in
1176 3045 1354 3125 anaphora

174 3151 399 3230 multipartita
435 3151 595 3228 copulam
633 3150 867 3214 abundantem
904 3153 1174 3217 consideremus.
1221 3152 1353 3217 Perrari

175 3260 347 3324 eiusmodi
371 3260 453 3322 sunt
476 3257 554 3320 loci.
601 3256 806 3337 Plerumque
833 3259 924 3321 enim
949 3259 984 3321 in
1007 3259 1068 3322 tali
1091 3261 1268 3340 anaphora
1293 3276 1350 3325 co·

173 3367 256 3449 pula
279 3367 460 3430 abundans
486 3370 546 3428 aut
570 3364 679 3446 deest,
710 3367 770 3428 aut
792 3380 854 3444 pro
880 3366 996 3445 aliquo
1022 3367 1221 3447 anaphorae
1244 3383 1352 3432 mem-

174 3476 236 3539 bro
261 3475 338 3539 sola
370 3475 493 3552 copula
517 3472 632 3552 posita
661 3487 742 3536 esse
767 3473 909 3536 videtur.
944 3473 1015 3537 lam
1040 3474 1220 3539 videamus
1244 3475 1353 3558 locos,

174 3583 232 3646 uhi
247 3583 282 3645 in
298 3581 475 3658 anaphora
491 3579 714 3657 multipartita
730 3582 854 3659 copula
871 3581 1052 3646 abundans
1071 3582 1352 3662 deprehenditur.

478 3742 511 3825 a)
535 3742 578 3805 in
602 3743 805 3805 extremo
830 3745 1043 3808 membro:

175 3869 276 3938 Georg.
295 3869 315 3923 ll
333 3869 394 3924 416.
431 3870 507 3923 Iam
527 3869 637 3924 vinctae
656 3867 736 3936 vites,
754 3867 826 3923 iam
845 3871 944 3925 falcem
963 3871 1077 3926 arbusta
1094 3877 1237 3939 reponunt,

227 3960 304 4012 Iam
324 3958 399 4012 canit
417 3965 552 4014 extremos
572 3959 671 4013 effetus
690 3957 793 4014 vinitor
812 3966 899 4014 antes.

128 4116 131 4122 Ι
228 4045 405 4101 Sollicitanda
422 4054 514 4102 tamen
535 4049 615 4104 tellus
634 4049 778 4118 pulvisque
798 4050 946 4104 movendus

227 4137 274 4190 Et
292 4134 361 4191 ism
380 4138 495 4192 maturis
513 4139 676 4192 metuendus
695 4139 822 4207 Iuppiter
841 4137 911 4193 uvis.

494 4264 531 4348 b)
554 4262 594 4326 in
617 4263 780 4328 mediis
804 4252 1034 4330 membris:

173 4390 239 4446 Buo.
258 4388 283 4445 V
301 4389 344 4446 76.
382 4390 469 4445 Dum
487 4389 555 4461 iuga
573 4386 672 4443 montis
691 4405 764 4459 aper,
782 4389 881 4445 fluvios
900 4391 977 4446 dum
996 4389 1078 4462 piscis
1097 4391 1221 4455 amabit
