3052 4876
658 280 853 348 ..77..

229 462 281 531 Ep.
300 461 397 531 Sapplu
417 462 478 517 107.
515 463 569 517 Per
595 461 653 528 tibi,
680 461 725 530 qui
745 478 883 528 nunquam
901 460 982 529 louge
1001 458 1125 522 discedit,
1146 458 1272 514 Amorem

232 552 363 621 Perque
381 567 479 607 novem
497 551 565 615 iuro,
585 550 697 606 numina
714 557 810 605 nostra
828 551 900 604 deas.
1225 578 1228 583 ·

178 643 242 696 liet.
261 641 360 696 11214.
398 641 517 710 Magnae
536 648 653 709 pereunt
670 657 739 694 oum
758 640 897 693 moenibus
915 639 1006 693 urbes.

234 730 383 798 Cumque
402 730 458 786 anis
477 736 552 785 totae
571 729 823 799 populis-incendia
842 735 940 798 gentes
1039 772 1067 825 '
1182 714 1183 717 ¹

230 821 263 875 Iu
283 820 402 874 cinerem
422 827 543 876 vertunt.
958 847 961 850 ⁴

177 911 243 964 liet.
263 909 364 963 111638
411 909 472 963 Per
489 925 564 963 mure
583 909 696 963 fallaces
715 923 844 976 perque
864 909 954 962 omnia
973 908 1084 963 numina
1104 908 1205 963 iurant.

179 999 244 1053 liet.
263 998 298 1051 lV
317 997 377 1053 779.
591 997 744 1066 passimque
763 1013 823 1065 per
842 1013 923 1065 egros

232 1088 362 1155 Perque
382 1087 441 1142 vias

177 1178 243 1232 Met.
262 1176 317 1230 Xlll
335 1177 388 1232 865
407 1177 570 1244 divulsaque
589 1176 709 1230 membra
728 1192 786 1244 per
805 1192 888 1244 agros

231 1267 366 1335 Perque
386 1273 449 1320 tuas
469 1281 623 1334 spargam.
644 1307 650 1319 .
671 1306 677 1318 .
697 1265 793 1319 nudas.

177 1356 252 1409 Faet.
272 1356 292 1408 ll
312 1354 373 1408 221.
412 1355 475 1408 Per
495 1362 557 1407 sata
576 1370 708 1421 perque
727 1353 787 1408 vius
807 1355 904 1420 fertur,

176 1445 252 1499 Fast.
271 1444 291 1497 ll
310 1443 373 1496 841.
401 1443 464 1497 Per
483 1442 533 1497 tibi
553 1459 605 1511 ego
624 1444 695 1497 hune
713 1442 773 1498 iuro
792 1444 890 1498 fortem
910 1449 1069 1512 castumque
1087 1460 1208 1500 cruorem

230 1534 366 1600 Perque
386 1538 447 1587 tuos
467 1546 568 1598 manes,
1166 1589 1174 1601 ,

178 1625 219 1677 Ex
239 1623 320 1677 Pont.
340 1621 369 1675 lll
390 1620 414 1686 1,
434 1621 458 1674 5.
499 1624 540 1674 An
560 1620 625 1674 mihi
644 1620 772 1675 barbaria
791 1622 938 1676 vivendum
958 1637 1063 1690 semper
1081 1623 1114 1677 in
1135 1623 1219 1689 isto,

232 1714 341 1779 Inque
360 1711 507 1764 Tomitana
527 1712 626 1764 oondar
645 1717 753 1777 oportet
772 1711 870 1765 humo?

284 1833 379 1898 Haeo
417 1834 595 1912 anaphora
635 1833 775 1897 minime
815 1834 859 1898 ad
899 1837 1095 1916 augendam
1129 1841 1350 1903 venustatem

178 1944 336 2023 spectare
361 1941 506 2022 videtur,
537 1940 600 2003 sed
624 1943 735 2004 metro
759 1941 963 2023 plerumque
986 1945 1190 2023 postulatur.
1360 1941 1365 1950 '

177 2065 219 2130 ΙΙΙ
243 2065 322 2131 Vox
355 2068 473 2147 ,que‘
506 2068 542 2130 et
572 2066 683 2144 primo
715 2067 750 2128 et
781 2068 936 2131 seeundo
972 2070 1171 2148 anaphoras
1195 2073 1349 2135 membro

657 2173 860 2237 adhaerens,

284 2313 359 2393 Qua
371 2317 405 2380 in
418 2317 596 2397 anaphora
607 2317 749 2381 nomina
761 2317 889 2382 desunt
901 2318 992 2398 apud
1003 2321 1187 2398 utrumque
1201 2324 1350 2404 poetam,

177 2427 283 2490 verba
307 2426 398 2503 apud
422 2423 621 2504 Vergilium.
668 2422 746 2488 Vox
770 2426 861 2488 enim
890 2425 1036 2504 repetita
1060 2429 1115 2490 est

643 2572 677 2647 a)
701 2585 724 2632 u
734 2585 755 2633 o
766 2585 800 2632 m
812 2585 831 2632 e
841 2586 864 2632 n
876 2591 883 2638 :

635 2713 668 2792 ll)
693 2713 894 2776 verbum:

177 2837 241 2891 liet.
261 2837 317 2890 Xlll
334 2838 395 2892 862.
433 2838 484 2891 Ille
504 2846 596 2891 tamen
615 2839 829 2905 placeatque
849 2837 899 2892 sibi
924 2838 1140 2907 placeatque
1167 2840 1261 2895 licebit

229 2927 305 2993 Quod
326 2928 431 2989 nollem,
452 2927 577 2991 Galatea,
599 2928 659 2981 tibi.

175 3015 251 3067 Fast.
272 3016 284 3066 Ι
303 3015 346 3067 91.
384 3015 441 3067 Ede
460 3014 538 3067 simul
558 3031 676 3080 oausam,
695 3032 742 3070 onr
761 3018 793 3071 de
813 3018 974 3073 caelestibus
993 3034 1064 3072 unua

230 3101 353 3169 Sitque
372 3103 443 3168 quod
462 3119 478 3156 a
497 3110 585 3171 tergo,
606 3103 727 3173 sitque
746 3107 818 3173 quod
837 3106 1005 3173 antorides,

176 3191 251 3244 Fast
271 3190 295 3242 V
316 3188 375 3244 142.
414 3190 715 3262 Pervigilantque
735 3195 820 3249 Lares
839 3196 1140 3266 pervigilantque
1160 3214 1249 3252 canes.

175 3279 260 3334 Trist.
279 3280 305 3333 V
324 3279 349 3345 4,
367 3281 392 3334 2.
432 3280 612 3349 Lassaque
632 3282 829 3350 inclamari,
848 3285 1015 3354 lassaque
1034 3287 1133 3341 foeta
1152 3287 1206 3344 via.

585 3427 617 3506 y)
643 3425 937 3491 adieetivum:

174 3571 241 3623 Aen.
262 3568 355 3624 1222.
392 3571 463 3624 Fata
481 3572 547 3638 Lyci
567 3571 693 3627 fortem
707 3589 770 3640 que
789 3573 869 3642 Gyen
889 3574 1085 3644 fortemque
1105 3576 1277 3634 Cloanthum.

174 3660 241 3713 Aen.
262 3658 355 3712 1612.
393 3660 460 3714 Post
477 3661 545 3714 alios
564 3661 717 3728 fortemque
739 3662 818 3730 Gyan
837 3663 991 3732 fortemque
1012 3666 1184 3720 Cloanthum.

174 3854 236 3910 Her.
256 3855 292 3910 lX
311 3856 355 3910 97.
392 3856 498 3926 Quique
516 3857 590 3913 iuter
608 3859 821 3926 laevumque
840 3860 915 3915 latus
934 3862 1143 3929 laevumque
1163 3864 1303 3932 lacertum,

174 3944 356 4000 Tristlvl.
377 3947 418 4001 16.
456 3946 770 4017 Tergeminumque
795 3949 884 4004 viuum
911 3950 1220 4020 tergeminumque
1246 3970 1348 4021 canem,

607 4089 638 4174 ὁ)
662 4093 913 4157 numerale:

175 4234 227 4286 Ars
246 4250 297 4288 um.
317 4233 410 4289 1552.
446 4233 581 4300 Terque
599 4233 695 4300 lugam
714 4235 796 4302 petiit
821 4243 945 4303 terque
963 4243 1073 4291 retenta
1092 4244 1167 4294 metu
1187 4246 1240 4297 est.

174 4321 243 4377 Faet
260 4320 280 4376 ll
300 4322 361 4376 644„
398 4322 553 4388 Binaque
572 4328 648 4377 serta
666 4322 717 4377 tibi
736 4324 858 4394 binaque
876 4323 933 4379 liba
952 4325 1055 4383 ferunt.
