3052 4876
669 281 863 344 „58-

185 475 238 529 530
256 477 380 545 Dumque
398 483 525 545 quater
544 476 646 532 iunctis
665 477 787 547 explevit
807 477 932 532 cornibus
951 479 1040 533 orbem

236 565 323 632 Luna,
342 572 465 633 quater
483 567 592 634 plenum
611 572 725 621 tenuata
743 565 865 621 retexuit
883 566 981 633 orbern,

238 654 367 709 Letifcris
388 655 470 709 calidi
488 656 629 725 spirarunt
647 655 759 711 flatibus
779 655 874 712 austri.

184 743 244 798 697.
513 747 598 800 Pater
616 747 703 801 hanc
722 746 806 800 mihi
824 746 944 802 iunxit
962 747 1137 809 Erechtheus,

240 835 335 889 Hanc
353 834 433 888 mihi
451 835 570 890 iunxit
589 852 671 890 amor.

184 923 237 978 728
469 925 558 980 biale
578 942 628 981 me.
648 926 728 994 quin
748 943 813 982 vera
832 928 944 990 faterer,

240 1015 382 1082 Continui;
402 1016 500 1080 male,
520 1016 615 1084 quin,
636 1023 667 1070 ut
686 1015 815 1084 oportuit,
835 1016 927 1071 oscula
946 1017 1053 1082 ferrem,

185 1103 238 1158 819
257 1104 299 1159 'Pu
318 1106 396 1169 facis,
417 1112 453 1159 ut
472 1105 567 1171 silvas,
586 1112 622 1160 ut
641 1122 727 1160 amem
747 1107 807 1160 loca
820 1108 886 1160 sola.

291 1193 364 1259 Iam
389 1195 475 1258 satis
499 1195 616 1259 multis
633 1196 801 1274 exemplis
826 1212 870 1259 cx
893 1196 1028 1260 infinita
1050 1195 1124 1260 fere
1148 1195 1237 1260 serie
1261 1196 1364 1260 loco-

84 1307 86 1311 ’
185 1317 261 1366 rum
292 1303 414 1367 videor
444 1303 675 1368 illustravisse
707 1304 739 1366 in
774 1305 929 1384 plurimis
962 1304 1147 1383 anaphoris
1181 1319 1263 1369 esse
1287 1303 1364 1367 vim

185 1410 284 1474 vocis
315 1413 367 1489 ,et‘
400 1413 490 1493 (que,
524 1411 641 1495 atque)
672 1411 729 1474 vel
757 1412 956 1491 simpliciter
980 1411 1219 1492 copulativam.
1266 1408 1363 1474 Ana-

186 1518 317 1596 plrorae
333 1517 408 1580 eius
425 1517 528 1599 modi,
551 1517 636 1581 utin
654 1519 808 1583 secunda
827 1522 925 1598 parte
948 1519 1020 1600 ,sed
1046 1518 1167 1600 etiam‘,
1190 1518 1226 1581 in
1249 1517 1365 1598 prima

187 1640 266 1705 ,uon
290 1625 413 1689 solum‘
436 1626 590 1705 intellegi
613 1627 735 1709 possit,
758 1642 850 1691 nunc
874 1626 1070 1690 atterantur.

186 1801 219 1886 β)
243 1802 488 1883 Anaphora
510 1820 588 1883 pro
613 1821 710 1886 ,non
736 1805 992 1869 solum-scd
1017 1804 1169 1869 etiam‘
1191 1803 1366 1882 posita.

187 1929 253 1983 Bua.
273 1929 298 1983 V
317 1929 359 1983 86.
397 1930 486 1985 Haec
506 1947 554 1984 nos
574 1908 719 1986 formosum
739 1931 861 1998 Corydon
880 1931 993 1984 ardebat
1013 1930 1127 1996 Alexim,

241 2018 328 2073 Haec
348 2021 441 2074 eadem
461 2021 559 2084 docuit,
580 2020 669 2074 cuium
689 2036 777 2089 pecus.

188 2129 254 2182 Aen.
274 2127 367 2182 1236.
406 2128 465 2195 Qui
486 2144 567 2192 mare,
587 2128 644 2197 qui
663 2135 751 2183 terras
770 2129 842 2183 omni
862 2129 965 2183 dicione
985 2136 1118 2184 tenerent.

188 2235 367 2290 len.1709.
405 2236 576 2291 Mirantur
595 2237 666 2291 dona
684 2238 800 2299 Aeneae,
820 2237 994 2290 mirantur
1013 2236 1110 2290 Iulum.

188 2344 217 2397 II
236 2343 297 2397 560.
338 2344 478 2414 Obstipui;
498 2345 612 2400 subiit
632 2345 693 2400 cani
712 2345 845 2414 genitoris
863 2346 962 2414 imago,

242 2435 280 2489 Ut
298 2451 390 2503 regem
411 2451 579 2503 aequaevum
599 2437 700 2490 crrrdeli
720 2437 832 2491 vulnere
852 2435 908 2489 vidi

242 2524 334 2578 Vitam
354 2526 535 2591 exhalantem,
556 2525 669 2580 subiit
688 2528 795 2581 deserta
816 2527 917 2581 Creusa

189 2632 231 2686 III
251 2632 311 2686 156.
350 2634 416 2688 Nos
435 2640 464 2688 te
482 2635 622 2688 Dardania
641 2634 751 2689 incensa
769 2641 819 2689 tua
839 2635 884 2702 qui
904 2650 980 2688 arma
998 2633 1085 2688 secuti

243 2723 309 2776 Nos
329 2722 463 2778 tumidum
481 2725 531 2778 sub
550 2732 578 2778 te
597 2725 732 2792 permensi
751 2722 882 2778 classibus
901 2738 1010 2791 aequor.

190 2812 224 2866 ib.
244 2811 297 2865 408
335 2813 432 2867 Hunc
451 2813 518 2867 socii
538 2829 637 2868 morem
657 2830 803 2877 sacrorum,
823 2814 909 2867 hunc
926 2811 984 2882 ipsc
1003 2813 1111 2867 teneto!

189 2920 228 2974 IV
248 2920 309 2975 345.
347 2921 400 2975 Sed
418 2937 490 2975 nunc
509 2921 660 2976 Italiam
680 2937 806 2989 magnam
827 2921 951 2989 Gryneus
971 2920 1074 2989 Apollo,

243 3009 390 3064 Italiam
409 3010 633 3078 Lyciaeqiussere
653 3025 793 3078 capessere
812 3017 909 3065 sortes.

190 3119 215 3169 V
233 3118 276 3174 49.
314 3119 454 3186 Iamque
473 3118 539 3184 dies,
558 3116 611 3172 uisi
629 3118 711 3172 fallor
729 3118 816 3183 adest,
844 3133 921 3185 quem
942 3134 1073 3187 semper
1092 3116 1226 3179 acerbum,

244 3208 380 3277 Semper
398 3209 559 3264 honoratum
579 3239 612 3247 —
632 3209 672 3262 sic
692 3208 719 3262 di
738 3207 866 3262 voluistis
885 3239 927 3272 —,
947 3207 1058 3262 habebo.

191 3317 247 3369 VII
266 3315 326 3370 337.
703 3314 755 3368 tibi
774 3314 883 3368 nomina
901 3314 1014 3380 mille,

246 3423 344 3478 IIille
363 3424 477 3478 nocendi
496 3430 578 3478 artes.

192 3514 261 3568 VIII
280 3512 340 3568 434.
379 3513 532 3578 Instabaut,
553 3514 679 3581 quibus
698 3513 745 3566 ille
765 3512 846 3578 viros,
865 3513 993 3581 quibus
1012 3513 1117 3566 excitat
1136 3511 1223 3565 urbes⁴

192 3621 216 3675 X
234 3622 278 3676 81.
316 3623 364 3677 Tu
382 3619 625 3691 potes‘deueam
644 3621 770 3676 manibus
789 3623 937 3676 subducere
957 3621 1071 3675 Graium

246 3711 352 3780 Proque
371 3713 430 3765 viro
449 3710 575 3766 nebulam
595 3708 739 3776 etjventos
758 3712 904 3767 obtendere
923 3711 1019 3765 inanes

245 3803 289 3856 Et
305 3809 407 3871 potes
426 3801 455 3857 in
473 3801 587 3855 totidem
607 3801 706 3856 classes
725 3808 885 3857 convertere
903 3800 1044 3868 nymphas.

192 3986 245 4038 Ars
264 4000 315 4038 am.
335 3983 365 4037 II
383 3981 444 4037 204.
482 3981 530 4037 Tu
549 3982 639 4037 male
658 3982 770 4047 iactato,
792 3991 828 4035 tu
847 3981 934 4034 male
953 3978 1027 4034 iacta
1046 3979 1120 4034 dato.

193 4073 227 4128 ib.
247 4075 292 4128 III
311 4073 371 4128 163.
409 4071 551 4128 Femina
569 4071 698 4127 canitiem
717 4069 859 4126 Germanis
878 4069 966 4124 inficit
985 4069 1075 4123 herbis

246 4163 283 4220 Iit
301 4162 396 4218 melior
414 4178 479 4218 vero
498 4162 640 4231 quaeritur
659 4167 719 4216 arte
738 4159 822 4227 color,

246 4252 388 4310 Femina
406 4250 529 4323 procedit
547 4249 707 4306 densissima
725 4247 843 4304 crinibus
862 4248 960 4317 emptis

247 4346 355 4417 Proque
373 4341 430 4402 suis
449 4341 517 4400 alios
536 4339 623 4401 etdoit
640 4354 704 4401 aare
722 4354 794 4400 suos.
