3052 4876
726 243 921 306 ,42-

342 413 516 498 Cydippes
540 420 639 499 epist.
661 419 731 485 XX.
755 419 855 505 (XXI)
879 422 938 488 81:
1003 440 1006 447 ·

281 522 438 588 Etiam
462 528 665 592 transieram
689 527 870 610 Myconon,
895 529 978 592 iam
1002 528 1118 592 Tenon
1144 533 1179 593 et
1204 528 1344 592 Andron

280 631 389 711 Inque
413 635 499 698 meis
524 636 633 700 oculis
659 637 805 700 candida
828 635 932 700 Delos
958 642 1040 700 erat.

343 774 426 840 Aen.
451 776 524 842 VIII
549 779 626 844 705:

280 880 429 948 Omnis
454 900 496 949 eo
520 888 650 951 terrore
674 886 856 968 Aegyptus
880 891 915 951 et
937 887 1019 968 Indi,

281 987 433 1055 Omnis
457 991 578 1074 Arabs,
602 1010 753 1059 omnes
777 996 959 1059 vertebant
981 997 1080 1074 terga
1104 993 1235 1059 Sabaei.

342 1131 421 1198 Buc.
446 1133 505 1199 VH
528 1137 587 1200 49:

280 1238 359 1326 Hic
381 1240 483 1305 focus
508 1245 543 1307 et
565 1243 689 1307 taedae
713 1245 869 1327 pingues
897 1244 971 1309 hic
994 1246 1161 1324 plurimus
1185 1245 1285 1325 ignis.

342 1385 419 1450 Met.
442 1386 457 1450 I
482 1389 559 1451 119:
616 1446 618 1451 .

280 1492 378 1557 Tum
403 1495 588 1573 primum
613 1497 715 1560 siccis
740 1498 798 1560 abr
820 1496 1016 1560 fervoribus
1040 1498 1142 1560 ustus

281 1597 427 1664 Canduit
450 1605 486 1665 et
510 1604 623 1667 ventis
647 1603 776 1682 glacies
801 1604 941 1668 astricta
965 1603 1137 1682 pependit.

280 1706 381 1771 Tum
404 1709 593 1788 primum
618 1710 913 1776 subiere'domos

342 1850 412 1915 Iam
438 1867 482 1914 ex
497 1853 552 1916 his
568 1853 885 1918 enumerationibus
910 1855 1107 1933 anaphoras
1132 1853 1185 1917 vIs
1210 1854 1414 1932 copulativa

237 1960 322 2022 satis
337 1959 457 2022 elucet.
475 1958 624 2040 Accedit,
642 1960 735 2039 quod
753 1961 895 2024 omnis
913 1961 1144 2040 anaphora
1159 1960 1328 2023 idonea
1345 1963 1413 2042 est,

241 2081 353 2144 quae
390 2066 717 2130 coniunctione
753 2067 909 2146 aliqua
944 2069 1186 2148 augeatur,
1224 2070 1260 2129 ut
1291 2070 1412 2130 tamen

240 2188 368 2235 sensus
403 2174 597 2237 sententiae
628 2173 762 2253 integer
792 2177 977 2243 remaneat.
1022 2173 1061 2237 Id
1093 2190 1170 2237 cum
1207 2173 1309 2236 himin
1347 2175 1412 2237 ob-

237 2295 376 2343 scurum
393 2280 446 2358 sIt,
468 2280 498 2344 si
515 2281 630 2344 verbis
646 2282 831 2360 explanare
848 2281 1018 2363 studeam,
1035 2281 1203 2360 exemplis
1220 2281 1411 2345 illustrabo,

236 2385 273 2449 In
296 2385 437 2465 Vergilii
460 2389 546 2451 libro
571 2386 746 2461 Aeneidos
770 2404 863 2453 nono
888 2391 944 2453 est
967 2404 1090 2453 versus
1115 2389 1196 2452 394:

237 2511 342 2575 Audit
365 2528 476 2592 equos
501 2513 597 2576 audit
620 2514 785 2592 strepitus
810 2518 845 2578 et
869 2514 970 2594 signa
995 2515 1212 2594 sequentum.

237 2635 347 2714 Quem
371 2653 519 2719 versum,
548 2626 581 2702 si'
603 2639 759 2704 oratione
782 2639 897 2703 soluta
920 2642 956 2702 et
979 2655 1082 2717 quam
1106 2637 1319 2717 amplissime
1343 2638 1411 2702 dici

236 2747 355 2823 potest
378 2745 531 2826 efferam,
557 2746 608 2810 sic
631 2746 780 2825 legetur:

237 2851 342 2915 Audit
365 2867 486 2935 equos,
509 2855 549 2917 et
572 2853 667 2916 audit
690 2852 855 2932 strepitus
879 2855 914 2916 et
937 2852 1038 2931 signa
1062 2855 1278 2932 sequentum.

238 2957 370 3024 Sensus
393 2976 464 3023 non
489 2960 684 3040 mutabitur,
708 2959 739 3024 si
762 2960 877 3039 leges:

238 3067 342 3131 Audit
358 3070 398 3130 et
414 3082 525 3146 equos
542 3069 582 3131 et
594 3067 689 3131 audii
701 3066 866 3146 streprtus
879 3069 914 3131 et
926 3067 1027 3146 signa
1039 3069 1256 3146 sequentum.

238 3172 370 3251 Quodsi
382 3189 471 3238 voce
483 3176 545 3256 ,et‘,
560 3190 650 3253 quae
667 3176 722 3238 est
738 3173 943 3254 coniunctIo,
957 3174 1133 3252 anaphora
1150 3173 1269 3253 augeri
1286 3178 1321 3237 et
1338 3190 1410 3238 am-

238 3281 381 3361 plificari
405 3284 531 3362 potest,
555 3282 742 3346 veriSImile
759 3284 814 3345 est
829 3281 942 3360 ipsam
959 3296 1041 3345 esse
1062 3296 1174 3360 genus
1196 3281 1410 3346 conexionis.

344 3388 587 3467 Anaphora
619 3404 721 3468 porro
755 3404 834 3452 cum
857 3403 945 3452 voce
976 3390 1029 3470 ,et‘
1062 3387 1253 3465 coniuncta,
1286 3388 1316 3451 si
1344 3389 1411 3452 hac

238 3496 466 3576 particula
493 3497 676 3575 privata
698 3498 815 3560 tamen
840 3512 919 3575 per
943 3511 982 3558 se
1006 3494 1193 3574 slogula
1216 3495 1411 3558 membra

239 3603 430 3684 conectIt,
447 3618 505 3667 cur
519 3619 589 3667 non
602 3603 680 3682 ipsa
692 3603 863 3682 quaedam
877 3602 1023 3666 conexio
1037 3617 1118 3665 esse
1131 3599 1290 3665 dicetur?
1307 3601 1411 3666 Velut

238 3712 321 3775 illud
338 3709 466 3775 Ovidii:
478 3712 501 3792 ¹)
525 3709 633 3774 Mater
656 3709 756 3790 Hyan
773 3714 808 3774 et
823 3709 924 3791 Hyan
940 3713 1097 3773 maestae
1111 3709 1243 3773 flevere
1260 3723 1409 3773 sorores,

238 3818 325 3884 Num
350 3834 477 3882 sensus
501 3817 695 3900 mutabitur,
720 3818 750 3881 si
773 3820 890 3897 leges:

238 3926 346 3990 Mater
368 3924 478 4007 Hyan,
500 3923 601 4005 Hyan
625 3928 781 3991 maestae
803 3925 934 3988 flevere
958 3920 1129 3987 sorores‘?

239 4033 360 4113 Liquet
384 4033 595 4111 anaphoram
620 4033 722 4097 etiam
749 4032 881 4096 omisso
907 4033 958 4114 ,et‘
984 4029 1147 4098 sulficere
1171 4047 1278 4113 posse
1303 4046 1409 4099 mem-

239 4141 308 4205 bris
334 4140 565 4204 conectendIs

348 4303 371 4371 Ι)
390 4303 467 4358 rut.
488 4303 547 4360 rvc.
