3052 4876
707 278 906 341 ..24-

221 449 257 516 δὲ
287 453 501 536 μεταβάλλειν
529 451 566 518 τὸ
596 445 675 518 αὐτὸ
704 455 866 538 λέγοντας.
900 452 983 540 ὅπερ
1017 456 1128 541 ὥσπερ
1161 451 1312 519 ὁδοποιεῖ
1343 479 1389 539 τῳ

219 557 476 647 ὑποκρίνεσθαι·
502 554 638 652 ίοὗτός
662 556 779 624 ἐστιν
803 559 820 624 ὃ
841 562 970 644 κλέψας
992 559 1091 644 ὑμῶν,
1117 557 1244 638 οὗτός
1271 560 1390 626 ἐστιν

221 664 237 731 ὃ
263 664 479 754 ἐξαπατήσας,
511 662 635 745 οὗτος
663 664 680 732 ὃ
711 666 748 732 τὸ
781 666 916 748 ἔσχατον
946 668 1126 754 προδοῦναι
1158 667 1388 755 ἐπιχειρήσας]

224 773 369 857 Actioni,
392 778 431 840 ut
453 776 622 858 videmus,
656 777 954 842 accommodatam
977 779 1075 857 putat
1102 779 1322 859 anaphoram,
1347 777 1391 840 ad

218 898 293 947 rem
318 883 402 948 nihil
424 884 604 964 pertinere.
646 880 747 960 Quod
770 885 875 949 etiam
898 887 1035 950 veteres
1066 885 1390 950 animadverterunt.

219 989 344 1071 Aquila
361 991 500 1071 quidem
510 992 534 1076 ¹)
552 992 603 1056 sic
617 991 736 1056 tradit:
760 990 946 1075 ,Aristoteli
961 993 1097 1058 iteratio
1113 994 1190 1073 ipsa
1206 994 1391 1056 verborum

222 1114 263 1162 ac
296 1099 476 1163 nominum
512 1102 548 1163 et
580 1099 740 1178 repetitio
774 1092 988 1181 frequentior
1026 1103 1062 1165 et
1095 1101 1209 1165 omnis
1245 1101 1391 1164 huiusce

222 1205 318 1270 modi
342 1207 460 1270 motus
484 1207 612 1271 actioni
634 1207 748 1287 magis
772 1209 807 1272 et
831 1208 1006 1272 certamini
1031 1225 1135 1289 quam
1159 1208 1239 1272 stilo
1255 1208 1393 1272 videtur
1497 1200 1500 1205 ’

218 1313 426 1378 convenire!
468 1312 522 1379 Ab
554 1313 742 1380 Aristotele
772 1316 807 1380 in
839 1316 1055 1381 aestimanda
1085 1316 1291 1396 repetitione
1319 1330 1392 1379 non

221 1419 324 1484 valdo
348 1419 465 1485 differt
495 1421 571 1485 libri
598 1421 677 1506 περὶ
700 1419 809 1503 ὕψους
831 1423 961 1488 auctor.
988 1415 1077 1506 ίΕἶθ’
1100 1420 1154 1485 ἵνα
1177 1422 1221 1507 μὴ
1246 1419 1392 1485 ἐπὶτῶν
1520 1468 1523 1477 .

170 1520 173 1524 ’
222 1524 329 1589 αὐτῶν
353 1522 490 1611 aloyae
512 1538 581 1612 στῇ,
605 1528 758 1614 inquit,²)
784 1528 894 1614 ιεὐθὺς
917 1522 970 1592 ἔνι)
996 1528 1078 1593 ἄλλα
1100 1529 1271 1615 μεθήλατο
1299 1526 1392 1592 ἀσύν-

222 1629 299 1696 δετα
315 1633 370 1696 καὶ
385 1636 610 1719 ἑπαναφοράς.
634 1645 680 1718 τῷ
696 1635 865 1717 βλέμματι,
883 1647 921 1721 τῇ
938 1647 1041 1722 φωνῇ,
1063 1635 1164 1700 ὅταν
1181 1635 1225 1712 ὡς
1241 1632 1391 1720 ὑβρίζων,

222 1737 323 1804 ὅταν
346 1739 392 1817 ὡς
415 1736 546 1827 ἐχθρός,
572 1739 665 1804 ὅταν
688 1740 865 1820 κονδύλοις,
891 1740 984 1806 ὅταν
1008 1738 1064 1806 ἐπὶ
1088 1741 1215 1828 κόρρης.

329 1863 398 1931 Sed
412 1867 500 1932 haec
513 1867 692 1932 hactenus
715 1866 786 1931 lam
804 1883 945 1932 causam
961 1869 1200 1949 cognovimus,
1221 1883 1280 1932 cur
1295 1868 1393 1931 tanta

223 1973 435 2054 singularum
458 1973 703 2054 repetitionum
728 1973 1021 2054 significationum
1045 1974 1205 2039 confusio
1234 1974 1280 2038 sit
1307 1975 1393 2038 orta

221 2079 448 2161 Temporibus
473 2081 564 2145 enim
584 2080 780 2146 Aristotelis
797 2083 934 2162 propria
949 2083 1090 2147 nomina
1107 2081 1253 2162 singulis
1269 2080 1392 2160 figuris

223 2187 411 2253 constituta
445 2204 526 2253 esse
557 2204 628 2253 non
658 2189 827 2272 videntur,
859 2191 923 2254 sed
959 2206 1071 2269 genus
1102 2188 1317 2269 repetitionis
1349 2204 1393 2252 ex

222 2295 382 2375 exemplo
406 2294 626 2360 intellectum.
664 2294 707 2360 Et
726 2297 922 2361 rhetoribus
943 2297 1174 2376 posteriorum
1197 2299 1393 2375 temporum

223 2403 334 2467 certas
359 2403 640 2484 significationes
659 2403 884 2484 singularium
907 2403 1124 2482 repetionum
1149 2401 1304 2468 defuisse
1320 2417 1391 2466 non

220 2509 418 2575 incredibile
435 2513 497 2575 est.
528 2509 614 2574 Nam
635 2511 739 2575 etiam
762 2511 854 2589 apud
869 2509 1048 2575 Romanos
1064 2511 1151 2575 aliae
1167 2509 1392 2589 significatio-

220 2631 284 2680 nes
300 2616 393 2681 idem
407 2617 525 2682 valent
540 2618 634 2697 quod
650 2633 779 2682 nomen
796 2617 1031 2701 anaphoraer)
1052 2615 1148 2693 Quae
1161 2633 1239 2682 cum
1253 2617 1302 2680 ita
1314 2617 1392 2698 sint,

220 2721 455 2788 Herodianum
478 2725 623 2805 eiusque
640 2724 780 2806 similes,
804 2725 862 2803 qui
886 2740 1014 2788 nomen
1037 2726 1171 2788 tantum
1196 2725 1394 2804 anaphorae

221 2831 359 2912 habent,
369 2846 516 2911 quorum
528 2832 646 2895 tamen
659 2831 828 2910 exemplis
845 2846 890 2895 ne
905 2846 974 2894 una
989 2831 1129 2911 quidem
1145 2832 1321 2910 anaphora
1336 2845 1392 2895 co·

221 2938 410 3019 gnoscitur,
420 2938 655 3017 relinquimus.
671 2936 756 3002 ltem
767 2939 1005 3003 nostrumnon
1016 2941 1071 3007 est
1083 2954 1160 3003 eam
1173 2939 1393 3018 anaphoram,
1417 3001 1419 3005 ,

222 3060 326 3124 quam
349 3042 579 3128 ,Grammatici
603 3043 732 3111 Graeci‘
755 3046 893 3128 habent,
915 3046 1096 3125 respicere.
1142 3045 1273 3112 Horum
1302 3045 1392 3110 enim

222 3152 399 3232 anaphora
428 3156 483 3218 est
511 3149 709 3235 ἐγνωσμένου
742 3153 935 3237 πράγματος
968 3150 1204 3239 arundineis-4)
1232 3153 1289 3217 vel
1318 3151 1392 3213 ἀνα-

221 3256 361 3343 πόλησις
393 3258 447 3322 καὶ
478 3254 661 3345 ὑπόμνησις
696 3263 964 3345 προεγνωσμένου
999 3256 1143 3337 ἀπόντος
1173 3260 1354 3344 προσώπου
1364 3258 1391 3335 ⁵)

221 3364 318 3430 velut
334 3366 458 3446 aliquis
475 3366 575 3448 dicat,
592 3367 703 3446 qualis
719 3366 785 3431 fuit
801 3366 889 3430 alius
905 3368 1009 3447 atque
1026 3367 1122 3448 aliuS,
1138 3365 1216 3430 talis
1233 3363 1391 3427 Achilles.

222 3469 439 3557 Quapropter
463 3473 507 3538 ad
529 3472 708 3539 Romanos
732 3489 968 3555 properemus.

704 3781 917 3794 m-

224 3926 435 3939 *ι*

330 3996 355 4066 ¹)
373 3997 408 4054 Η.
426 3997 470 4065 81,
489 3997 532 4053 ab.

331 4085 357 4155 2)
377 4087 421 4157 Sp.
440 4085 532 4154 1271,
551 4086 594 4142 22.

329 4175 354 4242 ⁸)
373 4176 510 4232 Rutilius:
530 4162 678 4252 ἓπιβολή.

329 4264 354 4333 ⁴)
374 4266 503 4321 alfredus
527 4265 651 4335 Hilgard,
676 4263 855 4321 Grammatici
879 4263 985 4332 Graeci,
1010 4263 1119 4343 Lipsiae
1140 4263 1242 4330 MOMI,
1264 4279 1328 4342 pag.
1353 4262 1396 4319 68·

331 4352 356 4435 ὖ)
374 4354 411 4413 ib.
431 4355 517 4412 suot
537 4356 601 4411 Vah
621 4371 648 4436 p.
666 4353 729 4428 arb,
746 4350 789 4414 88.
