3052 4876
735 298 935 364 ..54-

358 475 544 556 Anaphora
568 477 684 542 autem
707 477 742 540 in
759 477 995 555 contraposito
1020 476 1090 540 vim
1115 477 1270 556 accipere
1293 475 1432 556 optime

251 583 318 649 illis
343 582 485 665 Vergilii
507 585 543 649 in
566 582 737 648 Bucolicis
760 585 921 649 versibus
944 584 1149 648 illustratur:
1173 582 1265 668 (Buc.
1289 582 1304 646 Ι
1329 584 1381 667 1):

305 709 403 778 Tityre
421 715 462 764 tu
480 709 593 780 patulae
611 710 744 764 recubans
761 710 811 765 rub
831 709 954 779 tegmine
973 709 1033 778 fagi
1127 714 1128 720 ’

217 814 219 819 ·
306 798 465 856 silvestrem
484 799 562 854 tenui
580 815 685 854 mnsam
704 798 847 854 meditaris
865 815 961 861 avena,

305 888 330 943 N
336 905 371 943 os
390 888 497 959 patriae
515 888 582 944 flues
600 896 629 944 et
648 888 739 944 dulcia
756 887 903 957 linquimus
921 905 997 956 arva,

306 978 374 1032 Nos
393 977 511 1047 patriam
531 977 661 1047 fugimus,
681 983 719 1033 tu
738 977 835 1045 Tityre
853 978 944 1033 lentus
962 977 990 1032 in
1010 976 1104 1032 umbra

232 1110 235 1117 ,
305 1068 461 1122 Formosam
480 1082 607 1122 resonare
626 1068 706 1121 doces
724 1066 893 1134 Amaryllida
912 1065 1006 1122 silvas.

253 1188 389 1256 Scilicet
422 1192 567 1257 alterum
601 1191 685 1257 illud
719 1193 820 1272 ,nos‘
855 1191 926 1257 vim
959 1206 1030 1255 non
1070 1161 1232 1273 haberet,
1266 1190 1333 1254 nisi
1371 1207 1431 1256 se-

253 1301 414 1381 queretur
437 1301 511 1382 ,tut

358 1404 464 1474 Porro
489 1407 665 1486 anaphora
688 1406 804 1486 gravis
828 1422 1078 1487 nonnunquam
1102 1405 1206 1471 etiam
1231 1420 1275 1469 ex
1299 1420 1342 1469 eo
1369 1420 1432 1469 co·

252 1513 439 1595 gnoscitun
471 1514 659 1594 quodcum
683 1530 772 1579 voce
794 1515 981 1597 ,quoque‘
1006 1513 1190 1578 coniuncta
1206 1514 1268 1576 est
1307 1511 1430 1578 Velut:

359 1623 382 1676 Δ
412 1664 419 1678 .
438 1623 467 1676 ΙΙ
486 1623 500 1677 Ι
521 1623 544 1677 1.

306 1639 544 1780 Hoomquoque
563 1711 698 1779 composui
717 1710 857 1780 Paelignis
876 1716 959 1765 natus
978 1708 1096 1778 aquaria,

305 1799 356 1855 Ille
375 1814 427 1868 ego
445 1798 586 1868 nequitiae
604 1800 678 1855 Naro
697 1805 780 1868 poeta
798 1814 882 1854 meae.

304 1888 379 1944 Hoc
398 1905 536 1959 quoque
555 1889 636 1945 iussit
655 1892 746 1956 Amor,

252 1997 326 2061 ubi
349 2012 535 2061 sensus:
567 1996 643 2061 Hoc
666 2013 806 2076 quoque
838 1997 973 2075 praeter
1004 1995 1112 2059 multa
1144 1995 1211 2059 alia
1235 1995 1432 2073 composui.

252 2103 317 2170 Vel
340 2103 425 2168 illud
448 2101 562 2170 Ovidii
595 2103 683 2188 (Am.
707 2102 816 2168 111111
839 2105 909 2186 42):

305 2211 346 2265 Di
366 2227 498 2280 quoque
516 2212 618 2267 habeut
637 2214 736 2279 oculos,
757 2212 791 2267 di
811 2228 945 2280 quoque
963 2218 1059 2280 pectus
1078 2212 1187 2269 habent.

252 2301 310 2365 ubi
335 2301 556 2382 cogitandum
581 2304 649 2366 est:
673 2318 751 2385 ,non
776 2302 888 2366 solum
913 2301 1092 2366 homines‘.

360 2425 397 2490 ln
422 2427 617 2509 anaphoris,
652 2442 742 2506 quae
769 2426 1039 2490 numerabilibus
1071 2424 1277 2506 efficiuntur,
1308 2441 1431 2489 nume-

256 2533 340 2597 ralia
372 2532 553 2598 indefinita
583 2534 689 2597 modo
714 2533 834 2612 gravia
857 2533 1025 2612 videntur,
1056 2532 1162 2596 modo
1192 2531 1291 2595 levia.
1338 2529 1432 2596 Ana-

253 2641 363 2720 phora
385 2640 473 2705 levis
499 2641 639 2721 quidem
661 2641 719 2705 illa
742 2638 856 2705 Ovidii
885 2639 972 2724 (Am.
994 2638 1024 2703 ΙΙ
1046 2638 1092 2703 IX
1117 2638 1188 2724 15):

307 2764 362 2818 Tot
380 2763 439 2818 sine
458 2781 548 2819 amore
567 2764 630 2831 viri,
650 2771 705 2818 tot
723 2772 788 2819 sunt
806 2763 864 2819 sine
884 2780 974 2818 amore
992 2763 1108 2831 puellae.

254 2869 440 2952 Anaphora
457 2874 573 2937 autem
588 2872 705 2954 gravis
722 2871 779 2935 illa
793 2869 934 2951 Vergilii
950 2870 986 2934 in
1003 2870 1157 2935 secundo
1182 2871 1268 2935 libro
1285 2867 1430 2951 Georgi-

256 2995 373 3043 corum
403 2979 510 3064 (155):

308 3087 388 3142 Adde
407 3093 461 3141 tot
480 3087 609 3157 egregias
628 3088 708 3144 nrbes
726 3103 892 3156 operumque
910 3086 1037 3155 laborem,

310 3175 379 3229 Tot
397 3182 528 3245 congesta
546 3193 629 3232 manu
647 3175 803 3246 praemptir
821 3176 920 3247 oppida
938 3176 1020 3232 saxis.

362 3279 433 3346 Iam
458 3283 543 3347 satis
567 3284 652 3347 milri
682 3284 882 3349 ostendisse
906 3283 1027 3348 videor
1051 3284 1263 3363 anaphoram
1286 3297 1432 3360 gravem

256 3388 458 3469 plerumque
475 3390 509 3452 in
533 3392 770 3470 contraposito
791 3391 861 3454 vim
885 3391 1048 3470 accipere.
1086 3389 1209 3454 Restat
1219 3391 1258 3453 ut
1271 3389 1432 3468 exempla

257 3494 411 3578 aiteram,
435 3497 560 3576 quibus
577 3497 833 3561 demonstretur
849 3498 951 3562 etiam
970 3497 1197 3562 antecedente
1211 3495 1324 3574 figura
1348 3511 1431 3560 con-

258 3601 499 3681 duplicationis
531 3605 729 3683 anaphorae
758 3605 896 3683 pondus
929 3606 1130 3670 increscere.
1176 3600 1264 3669 Sunt
1296 3605 1431 3668 autem:

364 3745 448 3812 Verg.
467 3747 534 3802 Bac.
549 3747 590 3801 IX
608 3748 652 3802 60.

310 3852 411 3923 Incipit
430 3868 561 3922 apparere
580 3853 715 3922 Bienoris,
734 3855 792 3910 hic
811 3856 857 3911 ubi
877 3856 975 3910 densas

311 3942 454 4010 Agricolae
473 3941 614 4011 stringunt
633 3944 752 4013 frondea,
773 3945 829 4000 hio
849 3944 934 4000 liceri
953 3959 1090 4000 cenamus.

310 4030 373 4085 Hic
391 4031 492 4086 haedos
510 4032 621 4100 depone.

365 4138 467 4208 Georg.
486 4139 526 4193 IV
543 4140 605 4196 465.

312 4246 372 4312 Te,
392 4246 477 4301 dulcis
497 4247 621 4316 coniunx,
641 4254 676 4303 te
694 4249 751 4303 eolo
770 4249 799 4302 in
817 4249 902 4303 litore
920 4264 1011 4308 secura

311 4334 359 4400 Te
376 4334 504 4394 veniente
523 4335 575 4408 die,
594 4343 627 4393 te
647 4337 795 4398 decedente
813 4339 937 4401 emebat
