3052 4876
761 291 958 356 ..32-

273 485 483 550 quamquam
516 471 619 533 antea
650 486 753 534 nemo
786 471 854 535 hoo
887 469 1070 534 discrimen
1101 469 1214 533 habet.
1260 464 1329 533 Sed
1354 469 1450 534 haec
1484 471 1486 474 ’

273 577 447 642 distinctio
471 576 557 639 mira
584 576 729 659 videtur,
761 577 854 657 quod
885 592 1010 641 versus
1042 579 1176 640 tantum
1204 575 1450 659 respiciuntur,

272 699 333 764 per
357 700 446 763 quos
470 684 647 763 anaphora
671 685 875 749 extenditur.
921 683 972 748 Ex
994 683 1128 748 Isidoro
1152 684 1281 763 pendet

378 794 411 871 ft)
444 789 561 853 Beda
585 789 889 855 Venerabilis.
936 786 1000 867 Qui
1034 791 1085 855 sic
1117 791 1206 871 agit:
1238 790 1449 873 ,Anaphora,

271 898 307 962 id
331 900 386 961 est
408 897 538 978 relatiO,
573 913 649 960 cum
683 897 806 961 eadem
838 898 941 960 dictio
974 897 1027 961 bis
1056 897 1243 977 saepiusve
1267 914 1329 978 per
1351 898 1447 976 prin-

273 1006 361 1084 cipia
391 1020 556 1069 versuum
587 1004 770 1085 repetitur,
791 1006 846 1067 ut:
880 1003 1096 1068 Dominus
1128 1004 1332 1069 illuminatio
1364 1021 1448 1070 mea

272 1115 308 1177 et
338 1112 434 1176 salus
466 1126 552 1192 mea,
585 1126 686 1190 quem
717 1108 878 1175 timebo‘?
910 1109 1127 1175 Dominus
1152 1114 1326 1190 protector
1350 1114 1447 1178 vitae

271 1233 380 1301 meae,
404 1235 425 1282 a
449 1233 519 1298 quo
543 1214 752 1295 trepidabo?
794 1216 836 1281 Et
858 1217 963 1281 inira:
989 1215 1030 1282 Si
1055 1218 1248 1283 consistant
1272 1220 1446 1286 adversus

272 1341 328 1389 me
353 1327 474 1407 castra,
506 1340 576 1388 non
599 1324 734 1388 timebit
757 1340 816 1389 cor
839 1341 972 1408 meum;
1004 1325 1042 1389 si
1067 1328 1233 1405 exsurgat
1256 1327 1446 1392 adversum

272 1449 328 1497 me
351 1433 526 1514 praelium,
550 1432 584 1495 in
608 1433 676 1497 boc
699 1448 766 1513 ego
791 1434 948 1512 sperabo.
990 1431 1043 1495 Fit
1066 1436 1181 1498 autem
1207 1435 1384 1514 anaphora
1408 1439 1447 1500 et

271 1545 306 1604 in
331 1540 455 1605 eodem
479 1555 539 1618 per
563 1539 727 1619 principia
759 1556 927 1605 sensuum
955 1556 1068 1621 versu,
1103 1543 1155 1604 nt:
1192 1539 1288 1604 Vox
1312 1542 1447 1606 domini

272 1648 306 1710 in
331 1647 465 1728 virtute,
489 1662 576 1710 vox
600 1646 730 1711 domini
753 1647 788 1711 in
810 1646 1076 1729 magnificentia,
1100 1664 1191 1711 vox
1215 1648 1345 1712 domini
1361 1664 1446 1713 con-

271 1754 454 1834 fringentis
471 1753 603 1818 cedros
637 1749 732 1828 Quae
755 1753 869 1833 figura
891 1754 927 1817 in
951 1754 1094 1833 psalmis
1118 1754 1347 1818 usitatissima
1370 1759 1446 1820 est‘

272 1861 387 1926 Bedae
411 1860 585 1924 distinctio
610 1875 688 1923 cum
711 1858 844 1924 Isidoro
873 1861 1040 1939 congruit.
1085 1858 1317 1942 Ecclesiastioi
1340 1862 1448 1941 igitur

272 1972 408 2049 praeter
432 1967 689 2032 distinctionem
712 1966 795 2029 nibil
819 1967 902 2031 novi
927 1966 1125 2030 docuerunt.

320 2215 322 2221 s
431 2182 475 2274 ¹b)
501 2177 919 2258 Grammaticiaevi
945 2177 1096 2245 Caroli
1119 2179 1274 2262 Magni.

379 2340 417 2405 In
430 2340 619 2405 Anecdotis
631 2339 819 2405 Helveticis
837 2341 885 2404 de.
893 2341 1069 2420 anaphora
1082 2341 1169 2406 haec
1183 2345 1264 2406 sunt
1276 2343 1446 2428 traditan)

273 2449 469 2531 ,Anapbora
486 2451 541 2512 est
555 2448 714 2527 repetitio
732 2447 888 2512 eiusdem
905 2448 1001 2512 verbi
1020 2464 1081 2527 per
1096 2449 1262 2528 principia
1278 2465 1447 2515 versuum

272 2557 505 2636 plurimorum,
538 2558 593 2619 ut:
625 2552 696 2619 Nos
730 2556 765 2618 te
794 2553 995 2619 Dardania.
1019 2605 1027 2618 .
1051 2605 1058 2619 .
1082 2558 1098 2619 .‘
1123 2558 1158 2619 et
1181 2557 1321 2636 reliqua.
1368 2556 1445 2622 Non

273 2663 373 2727 deest
403 2662 486 2725 iliud
520 2662 703 2726 contritum
735 2662 949 2741 exemplum:
982 2660 1068 2726 Nate
1096 2679 1196 2727 meae
1225 2664 1411 2728 vires...
1437 2714 1463 2737 .,

272 2768 392 2834 Novus
416 2768 559 2832 affertur
582 2769 639 2832 ille
662 2767 804 2847 Vergilii
824 2770 976 2850 locusz2)
1000 2767 1141 2850 ,italiam
1157 2771 1288 2848 primus
1306 2773 1443 2835 concta-

272 2878 345 2941 mat
368 2874 528 2958 AchateS,
560 2875 692 2940 Italiam
715 2876 807 2939 laeto
833 2876 918 2939 socii
943 2876 1093 2940 clamore
1117 2877 1286 2941 salutant‘
1320 2876 1446 2942 Porro:

272 2983 374 3068 ,Dixit
401 2982 550 3064 Balaam,
581 2981 676 3047 iilius
700 2981 797 3064 Beor,
830 2975 949 3045 dixit
979 2983 1095 3065 homo,
1128 2984 1226 3048 ouius
1260 2986 1445 3050 obturatus

274 3095 329 3157 est
352 3090 483 3171 oculus,
507 3089 625 3153 dixit
648 3089 784 3153 auditor
808 3105 1008 3154 sermonum
1032 3090 1104 3154 dei‘
1137 3088 1223 3155 Tota
1245 3092 1333 3155 baec
1356 3096 1446 3157 trac-

273 3199 367 3281 tati0,
391 3199 429 3260 nt
453 3200 651 3260 commonet
674 3195 804 3278 Hagen,
837 3196 895 3276 qui
918 3195 1098 3261 Anecdota
1120 3196 1299 3262 Helvetioa
1329 3198 1448 3283 edidit,

275 3321 320 3370 ex
350 3304 484 3370 isidoro
517 3305 669 3385 pendere
704 3305 848 3387 videtur,
883 3305 1025 3369 nonulla
1060 3321 1104 3368 ex
1127 3303 1263 3370 Donato
1299 3306 1447 3387 aliisque

274 3412 517 3492 grammaticis.
545 3411 683 3494 Auctor,
706 3414 745 3475 ut
768 3428 813 3474 ex
837 3415 992 3476 extremo
1016 3412 1226 3491 intellegitur
1250 3416 1447 3500 exemp10³)

275 3522 330 3583 est
355 3519 622 3584 ecclesiasticus

603 3715 634 3799 o)
658 3714 825 3781 Poetae
849 3716 1024 3780 saeculi
1048 3713 1116 3779 ΧΗ.

381 3873 477 3954 Quae
501 3878 544 3941 ab
569 3876 718 3956 antiquis
742 3877 975 3957 grammaticis
1000 3880 1097 3941 erant
1119 3880 1273 3960 tractata,
1298 3893 1318 3942 a
1341 3870 1476 3958 scrip-¹

274 3984 408 4048 toribus
440 3985 544 4049 medii
576 3984 653 4050 aevi
680 3984 814 4048 inclusa
843 3987 924 4049 sunt
946 3986 1115 4049 versibus
1162 3984 1238 4050 Duo
1262 3986 1449 4066 praecipue

384 4166 407 4232 ¹)
427 4167 468 4221 De
487 4165 564 4220 libris
583 4166 773 4231 Bonnensibus,
793 4183 856 4233 pag.
876 4166 981 4221 XLVII
1001 4183 1027 4220 v.
1047 4165 1089 4221 at.

265 4295 268 4299 ψ
383 4253 408 4322 ⁸)
428 4256 496 4310 Aen.
517 4255 561 4309 ΙΙΙ
580 4254 641 4309 523.

382 4342 407 4413 ⁸)
426 4361 460 4399 ex
478 4360 555 4399 sacra
574 4344 667 4413 script.
686 4344 732 4412 lib.
751 4345 830 4400 Num.
851 4343 894 4414 24,
912 4345 938 4401 3.
