3052 4876
586 326 782 393 ,19-

101 511 253 576 auctoris
286 509 496 588 anaphoram
526 509 696 588 duplicem
728 504 1007 571 consideraverit.
1052 503 1163 569 Huius
1192 520 1273 569 ana·

101 619 233 698 phorae
256 617 362 680 habet
385 616 600 695 exemplum:
632 617 735 697 Μέχρι
759 613 876 675 τούτου
889 615 1064 696 Λασθένης
1078 611 1175 695 φίλος
1195 609 1274 673 ὠνο-

101 722 221 805 μάζετο
245 722 423 798 Φιλίππου,
449 718 511 796 ἕως
535 718 725 806 προῦδωκεν
739 717 904 801 Ὄλυνθον,
926 722 1022 804 μέχρι
1045 719 1162 781 τούτου
1181 717 1275 798 Τιμό-

12 914 14 917 .
102 831 189 906 λαος,
208 826 269 904 ἕως
286 827 436 891 ἀπώλεσε
456 829 569 913 θήμας.
607 823 740 903 Quodsi
763 826 811 890 illi
834 826 938 906 priori
962 825 1123 903 exemplo
1147 825 1276 890 addere

103 937 191 1001 velis
218 946 342 1001 nocem
373 936 445 1024 ίτό,
477 938 517 998 ut
547 934 745 1014 exemplum
776 933 827 997 sic
857 933 1009 1013 legatur:
1040 931 1078 994 nb
1110 927 1276 1008 ἐδίδασκες

103 1044 286 1128 γράμματα,
313 1039 375 1126 ἐγὼ
392 1040 426 1105 δὲ
444 1038 595 1124 ἐφοίτεον,
613 1041 650 1104 σὺ
667 1037 796 1116 ἐτέλεις,
814 1036 876 1122 ἐγὼ
894 1037 928 1101 δὲ
946 1035 1127 1121 ἐτελούμην,
1154 1038 1277 1103 eadem

103 1150 149 1214 sit
172 1150 348 1236 anaphora
372 1152 477 1228 atque
500 1149 557 1212 illa
582 1149 718 1227 duplex,
752 1144 820 1211 Sed
843 1147 931 1210 haec
955 1145 1132 1224 anaphora
1148 1144 1276 1225 duplex

104 1272 193 1337 quae
217 1256 272 1336 sit,
295 1271 387 1320 nunc
409 1257 613 1334 exponatur.
637 1250 733 1330 Quae
750 1269 820 1333 quo
835 1251 971 1316 facilius
988 1251 1216 1335 intellegatur,
1232 1253 1277 1317 ad

103 1362 428 1440 Hermogenem
451 1360 755 1440 transgrediamur.

211 1465 522 1546 Hermogenes
545 1467 579 1530 in
604 1482 669 1530 sua
691 1468 798 1531 habet
814 1465 1035 1530 distinctione
1051 1465 1143 1530 idem
1160 1482 1277 1532 exem·

105 1577 199 1655 plum
216 1575 310 1655 quod
328 1573 523 1638 Alexander
561 1577 678 1656 (Μέχρι
704 1574 821 1634 τούτου
844 1621 851 1636 .
876 1621 882 1636 .
907 1575 937 1652 .).
984 1569 1049 1649 Qui
1065 1574 1277 1653 anaphoram

105 1681 287 1761 distinguit
317 1679 400 1741 κατὰ
433 1679 538 1742 κῶλον
562 1683 597 1743 et
620 1677 842 1759 κατὰκόμμα.
888 1676 1048 1760 Κόμματα
1073 1683 1163 1763 sunt,
1188 1696 1278 1760 quae

105 1787 253 1851 Romani
274 1787 385 1849 incisa
401 1787 583 1865 appellant,
604 1785 702 1867 κολα,
723 1799 813 1864 quae
828 1785 990 1849 membra.
1003 1785 1027 1868 ¹)
1066 1786 1159 1848 Κατὰ
1175 1787 1280 1850 κῶλον

108 1897 162 1958 est
185 1894 410 1975 membratim,
442 1891 525 1954 κατὰ
549 1891 657 1973 κόμμα
689 1892 842 1974 incise.²)
889 1888 978 1968 Quid
1008 1907 1093 1957 vero
1122 1894 1169 1958 sit
1199 1910 1280 1959 ana-

107 2002 216 2081 phora
248 1999 330 2062 κατὰ
364 1998 468 2062 κῶλον
502 2002 537 2063 et
569 1998 653 2061 κατὰ
685 1997 793 2079 κόμμα
827 2015 898 2063 non
937 1999 1023 2063 satis
1059 2000 1280 2080 perspicuum

108 2111 171 2172 est.
216 2106 301 2171 Nam
336 2106 521 2187 anaphora,
555 2122 660 2185 quam
683 2121 750 2169 nos
779 2121 957 2186 vocamus
987 2106 1065 2184 ipsa
1088 2108 1280 2172 membrum

108 2215 303 2278 sententiae
327 2229 408 2277 esse
432 2215 550 2292 potest
565 2213 662 2276 velut
677 2212 761 2275 illud
777 2208 909 2274 Ovidii:
974 2217 977 2221 ’

108 2321 268 2400 ,luppiter
291 2323 329 2383 ut
351 2319 492 2398 liquidis
516 2322 681 2398 stagnare
704 2316 889 2396 paludibus
914 2318 1033 2380 orbem

109 2428 159 2491 ‚ut
190 2441 443 2506 superesse
476 2426 605 2488 videt
637 2425 689 2487 de
713 2425 782 2486 tot
805 2424 936 2488 modo
961 2424 1147 2490 milibus
1171 2442 1283 2492 unum

110 2532 161 2596 Et
193 2546 447 2611 superesse
478 2531 609 2599 videt¹
636 2529 689 2592 de
717 2532 786 2593 tot
809 2530 940 2594 modo
964 2530 1150 2597 milibus
1173 2549 1283 2599 unam

110 2639 283 2703 Innocuos
309 2638 441 2716 ambos,
466 2637 616 2701 cultores
640 2635 791 2699 numinis
815 2637 994 2722 ambosfi)

110 2745 198 2809 Puto
225 2747 340 2808 autem
365 2741 620 2824 Hermogenem
648 2758 719 2807 non
755 2743 967 2822 anaphoram
997 2746 1103 2810 modo
1135 2762 1284 2813 comme-

112 2855 280 2934 moratam
297 2851 528 2931 signiiicatam
545 2850 645 2930 velle,
671 2849 735 2914 sed
749 2852 885 2913 tantum
901 2850 1027 2915 docere
1043 2853 1174 2931 optime
1187 2870 1285 2934 repe-

111 2959 268 3022 titionem
286 2973 513 3036 quaecunque
535 2959 591 3020 est
612 2956 775 3038 adhiberi,
795 2956 826 3020 si
842 2958 997 3021 membro
1013 2957 1162 3043 incipiat,
1185 2962 1285 3040 peius

114 3065 144 3128 si
156 3061 296 3127 inciso‘?
308 3063 387 3126 Illas
401 3067 517 3126 autem
530 3062 815 3142 significationes,
831 3063 935 3126 κῶλον
948 3064 1026 3129 (11οο
1039 3068 1075 3129 et
1085 3065 1203 3150 κόμμα,
1215 3084 1286 3133 non

115 3171 217 3236 certis
245 3171 374 3234 tinibus
404 3170 635 3234 circumscribi
659 3185 767 3248 posse
790 3185 852 3249 pro
877 3173 972 3235 certo
995 3173 1119 3238 habeo.
1167 3171 1285 3240 Cicero

115 3278 255 3358 quidem
270 3276 315 3341 ad
329 3276 533 3341 illustranda
556 3276 645 3338 κολα
669 3280 705 3346 et
727 3275 878 3357 κόμματα
903 3277 1006 3342 aiiert
1020 3279 1104 3344 illud
1120 3277 1286 3366 Crassis)

114 3383 251 3467 ,Missos
274 3383 405 3449 iaciant
426 3387 604 3468 patronos,
627 3384 694 3463 ipsi
718 3384 888 3463 prodeant
910 3422 955 3432 —
979 3401 1038 3449 cur
1062 3386 1286 3453 clandestinis

115 3491 268 3559 consiliis
292 3507 359 3555 nos
388 3488 621 3571 oppugnanti
654 3506 713 3555 cur
745 3492 789 3555 de
820 3490 975 3570 perfugis
1007 3494 1137 3558 nostris
1167 3495 1286 3574 copias

117 3599 318 3675 comparant
342 3600 461 3661 contra
484 3594 591 3661 nosi‘
621 3595 743 3678 Prima,
766 3597 885 3678 inquit,
910 3600 992 3662 sunt
1014 3599 1072 3663 illa
1096 3601 1174 3683 duo,
1198 3617 1288 3681 quae

116 3701 266 3784 κόμματα
291 3700 411 3767 Graeci
435 3706 571 3785 vocant,
595 3720 662 3768 nos
685 3704 795 3768 incisa
819 3704 974 3787 dicimus,
999 3706 1124 3770 deinde
1147 3709 1286 3772 tertium

116 3810 164 3873 illi
186 3810 300 3889 κῶλον,
323 3827 390 3876 nos
414 3813 614 3876 membrum.
661 3810 767 3876 Paulo
798 3811 887 3875 inira
919 3812 1012 3876 aliud
1047 3812 1150 3878 aiiert
1173 3831 1301 3879 exem-1

116 3917 210 3997 pium
233 3918 439 3982 incisorum:
463 3917 604 4000 ,Domus
621 3919 682 3982 tibi
707 3915 856 3982 deerat‘?
881 3921 917 3982 at
938 3919 1103 3984 habebas.
1142 3919 1290 3986 Pecunia
