3052 4876
744 264 940 328 ,48-

257 437 343 503 Item
367 457 437 504 non
460 441 684 521 respiciemur
709 442 776 505 loci
800 442 971 506 eiusmodi

366 582 467 664 Verg.
492 583 575 648 Aen.
599 581 763 648 v11246:

303 706 392 772 Hoc
414 712 512 788 pater
535 708 706 773 Anchises
731 709 959 789 aurolibavit
983 710 1027 772 ad
1051 726 1138 792 arae,

303 812 393 879 Hoc
416 813 539 880 Priami
563 818 745 896 gestamen
770 818 852 880 erat.

365 955 458 1021 illi-us
475 958 624 1040 denique
636 967 763 1040 χιασμῷ
781 941 972 1022 contrariae
989 960 1186 1038 anaphorae
1202 960 1285 1024 item
1300 961 1431 1024 mentio

259 1078 330 1127 non
345 1063 416 1142 fiet,
440 1066 479 1128 ut
502 1067 559 1129 eat
582 1067 700 1128 antum
725 1065 770 1128 sit
793 1065 933 1147 reliqua,
957 1066 1055 1129 cuius
1079 1067 1225 1146 primum
1249 1070 1284 1130 et
1307 1083 1433 1132 secun

260 1170 342 1234 dum
359 1173 395 1234 et
410 1172 527 1235 omnia
543 1171 727 1250 sequentia
750 1172 904 1236 membra
928 1172 1029 1250 plane
1052 1173 1141 1235 inter
1164 1189 1204 1236 se
1228 1177 1432 1253 congruunt.

259 1274 355 1351 Quae
378 1280 494 1342 tamen
518 1279 553 1341 in
569 1277 711 1358 Vergilii
734 1281 768 1342 et
785 1275 898 1342 Ovidii
914 1279 1130 1361 carminibus,
1155 1280 1295 1362 quaein
1311 1261 1432 1344 ¹errem-

259 1384 353 1462 plum
378 1385 592 1466 adhibemus,
621 1387 802 1465 tantopere
832 1386 993 1467 abundat,
1023 1391 1061 1450 ut
1084 1387 1290 1466 longissima
1314 1404 1432 1452 exem-

144 1550 147 1555 .
260 1491 394 1569 plorum
410 1491 519 1556 series
532 1496 717 1556 remaneat.
753 1491 847 1556 Haec
863 1495 979 1557 autem
997 1494 1157 1572 exempla
1174 1510 1277 1573 quam
1302 1511 1432 1574 angus-

214 1606 217 1611 ’
259 1598 405 1662 tissimis
442 1599 570 1662 finibus
611 1600 889 1663 circumscribere
928 1601 1078 1664 maxime
1116 1605 1236 1664 nostra
1277 1602 1431 1667 interest

260 1701 476 1784 Quapropter
499 1706 808 1785 perscrutabimur:

366 1829 404 1894 A.
429 1828 608 1906 Quaenam
631 1832 738 1895 verba
760 1831 915 1909 inprimis
941 1833 1150 1910 anaphoram
1179 1831 1341 1916 efficiant,

366 1953 401 2018 B.
425 1958 540 2019 utrum
570 1956 741 2020 vocabula
772 1956 970 2035 amphorae
996 1957 1078 2038 ⁸lege
1109 1958 1255 2036 repetita
1288 1958 1432 2037 saepius

434 2062 532 2142 gravi
556 2078 600 2126 an
623 2062 693 2126 levi
715 2062 785 2126 ictu
808 2061 976 2144 legantur,

373 2185 406 2252 C.
430 2190 545 2252 utrum
568 2203 689 2252 verum
713 2187 759 2251 sit
781 2187 865 2251 illud
887 2187 982 2251 Birtii
1006 2188 1049 2251 de
1072 2190 1250 2268 anaphora
1270 2189 1435 2253 iudicium

432 2311 477 2359 an
500 2294 637 2376 falsum,

366 2419 403 2483 D.
428 2421 566 2500 quoties
590 2421 767 2500 anaphora
791 2419 1090 2484 coniunctionibus
1108 2421 1288 2484 abundans
1314 2419 1434 2498 depre-

434 2526 612 2592 hendatur.

390 2849 432 2914 Α.
464 2847 668 2931 Quaenam
693 2851 815 2914 verba
838 2806 878 2913 in
903 2847 1040 2931 primis
1065 2847 1311 2931 anaphoram

752 2954 940 3021 efficiant.

368 3117 403 3181 In
422 3116 546 3198 verbis
564 3116 689 3196 quibus
700 3118 877 3196 anaphora
890 3116 1047 3198 efficitur,
1061 3117 1097 3180 id
1112 3116 1295 3196 praecipue
1313 3115 1436 3196 elucet,

266 3225 359 3304 quod
375 3225 432 3288 illa
446 3240 583 3306 genera,
601 3240 690 3304 quae
705 3223 919 3303 grammatici
937 3225 1086 3312 nomina,
1110 3225 1225 3301 verba,
1249 3221 1437 3301 particulas

262 3332 449 3415 appeliant,
472 3347 543 3396 non
567 3331 694 3411 pariter
715 3331 911 3410 frequentia
944 3333 1093 3412 exstant,
1128 3331 1190 3393 sed
1224 3333 1313 3410 sunt,
1346 3345 1437 3407 quae

261 3439 385 3502 ceteris
418 3453 563 3502 numero
593 3437 696 3516 plane
729 3438 944 3500 antecellant.
976 3433 1077 3513 Quod
1109 3450 1180 3499 non
1212 3436 1283 3498 tam
1311 3435 1435 3498 mirum

261 3549 365 3628 esset,
397 3546 427 3609 si
456 3545 491 3608 in
524 3559 630 3607 unum
663 3545 797 3607 tantum
829 3544 1034 3623 scriptorem
1065 3543 1212 3624 valeret,
1247 3541 1309 3606 sed
1343 3541 1436 3620 apud

261 3668 384 3716 omnes
428 3652 550 3715 eadem
596 3665 726 3728 genera
768 3650 872 3714 video
919 3665 1000 3714 esse
1038 3648 1254 3727 praedilecta.
1315 3647 1436 3726 Itaque

260 3760 348 3822 haec
380 3757 539 3838 quaestio
573 3772 593 3820 a
617 3757 821 3820 tractatione
846 3757 985 3820 minime
1010 3756 1055 3818 sit
1079 3755 1198 3818 aliena.
1246 3755 1429 3833 Anaphora

261 3867 377 3929 autem
398 3880 417 3927 e
434 3864 549 3928 verbis
566 3879 616 3944 ea,
642 3879 732 3942 quae
751 3863 918 3943 dignitate
934 3862 1121 3940 principem
1139 3860 1253 3925 locum
1269 3862 1437 3942 obtinent,

260 3974 463 4052 plerumque
484 3972 651 4050 repudiat,
677 3971 740 4034 sed
763 3987 852 4049 quae
876 3968 1045 4033 deteriora
1070 3970 1240 4049 putantur,
1265 3984 1306 4031 ea
1329 3967 1436 4031 iiben-

261 4079 396 4143 tissime
420 4078 545 4157 arripit.
592 4074 666 4154 Qua
690 4077 724 4140 in
755 4093 793 4141 re
824 4075 961 4140 etiamsi
994 4076 1063 4138 iam
1095 4075 1226 4153 pridem
1256 4074 1319 4138 viri
1343 4074 1436 4137 docti

262 4185 492 4266 offenderunt,
508 4188 625 4248 tamen
639 4185 670 4248 ei
684 4200 755 4248 non
768 4184 916 4247 multum
930 4183 1130 4246 tribuerunt.
1168 4181 1271 4246 Velut
1286 4180 1436 4245 Ioannes

262 4289 440 4357 Straubius
457 4291 492 4353 in
515 4291 601 4354 libro
628 4291 686 4370 qui
711 4293 766 4354 est
789 4291 832 4354 de
855 4289 965 4370 tropis
991 4292 1026 4354 et
1048 4289 1171 4369 figuris
1196 4289 1287 4368 apud
1308 4287 1434 4352 Demo-
