3052 4876
752 274 873 356 ..5‘2
910 327 952 340 ..

722 563 937 631 Anaphorae
956 579 1044 630 quae
1063 562 1293 619 efficiuntur.

590 720 750 776 Nominibus
834 682 837 825 1
958 721 1054 776 norun
1164 683 1167 825 1
1248 722 1409 779 nannenus.

208 917 289 974 ovio.
313 918 605 986 1151515ο1511.385136
623 920 733 990 primus.
1161 844 1357 988 1553159655.

319 989 383 1044 vill.
506 989 604 1058 462163
622 999 728 1059 quater.
1167 991 1221 1048 698
1239 991 1448 1060 dum-dumque.

336 1125 338 1127 ¹
509 1062 562 1116 538
581 1063 674 1117 oscula
694 1063 769 1117 dant.
1167 1061 1327 1117 718simul.

509 1132 607 1200 naulae
631 1134 705 1188 mille
728 1134 828 1187 domos.
1168 1135 1220 1190 735
1238 1149 1327 1203 saepe.

508 1203 560 1261 632
578 1205 635 1262 illa.
1168 1203 1264 1271 746147
1282 1221 1365 1275 saepe

509 1276 560 1330 759
579 1277 691 1346 pariter.
1167 1277 1220 1333 739
1237 1275 1305 1332 sina.

509 1348 561 1402 330
580 1349 660 1416 quod.
1167 1348 1219 1404 811
1239 1364 1415 1416 quamquam.

1167 1418 1263 1544 8391137
1283 1427 1379 1488 utque.

1166 1493 1202 1546 85
1239 1490 1286 1547 sio.

243 1720 321 1777 Ovio.
335 1721 421 1777 Triut.
433 1722 461 1776 ll.
507 1722 550 1788 517
564 1723 683 1777 carmina
693 1724 825 1778 fecerunt.
837 1723 916 1788 65166
935 1723 1066 1781 invenies.
1165 1721 1246 1790 53154
1265 1739 1321 1792 par.

507 1793 586 1859 37138
604 1792 670 1849 iure.
839 1795 933 1861 141142
952 1796 1030 1850 solet.
1167 1792 1264 1860 103104
1282 1811 1337 1851 our.

509 1865 605 1930 131132
623 1881 672 1919 nec
691 1881 758 1920 mea.
837 1866 930 1933 179131
951 1883 1040 1936 parce.
1167 1865 1262 1933 155157
1281 1883 1337 1936 por.

508 1935 823 2006 1471485555151515515.
834 1938 887 1991 359
906 1945 988 1993 esset.
1165 1935 1263 2003 202103
1281 1954 1324 1994 na.

508 2006 604 2074 175176
624 2008 742 2063 dimidio.
976 2044 984 2058 .
1166 2009 1219 2064 293
1237 2008 1275 2064 in.

507 2079 559 2132 270
577 2094 707 2147 quaeque.
1166 2078 1264 2146 313114
1282 2096 1337 2137 our.

507 2147 603 2213 363165
622 2151 694 2219 quid.
1166 2150 1262 2216 317119
1281 2168 1337 2208 our.

506 2218 603 2286 371173
623 2221 696 2290 qnid.
1165 2222 1262 2288 405106
1281 2224 1341 2279 huo.

505 2292 604 2358 397199
623 2293 695 2360 quid.
1166 2295 1218 2348 574
1237 2294 1268 2350 0.

505 2363 602 2430 401103
621 2364 695 2432 quid.

504 2433 646 2501 415117118
664 2451 713 2490 neo
732 2436 785 2503 qui.

506 2506 558 2560 433
579 2506 652 2574 quid.

504 2577 555 2631 441
576 2594 626 2633 neo
644 2578 740 2632 minus.

504 2648 557 2703 476
576 2666 634 2716 quo.

498 2718 556 2859 1567
577 2728 627 2774 tot.
1157 2719 1161 2863 Ι

256 3073 304 3160 Β)
329 3074 469 3142 Utrum
495 3077 689 3142 vocabula
705 3075 934 3159 anaphorae
959 3078 1045 3160 lege
1071 3077 1242 3160 repetita
1265 3079 1432 3162 saepius

534 3200 647 3284 gravi
672 3217 723 3265 an
748 3199 823 3264 levi
848 3199 928 3265 ictu
954 3199 1153 3284 legantur.

362 3361 437 3426 Alia
453 3363 510 3426 lex
527 3366 631 3442 atque
649 3362 754 3426 modo
773 3366 1043 3427 commemorata
1061 3363 1095 3426 in
1109 3363 1294 3441 anaphoris
1307 3365 1432 3430 obser-

254 3472 362 3533 vatur.
402 3468 521 3548 Neque
538 3471 627 3533 enim
650 3484 773 3531 omnes
794 3471 992 3548 anaphorae
1016 3471 1140 3534 eodem
1164 3471 1233 3534 ictu
1256 3471 1430 3556 leguntur,

253 3577 316 3639 sed
341 3580 431 3658 sunt,
460 3592 549 3656 quae
581 3576 694 3638 minus
725 3576 767 3638 ad
798 3593 899 3641 aures
928 3580 1110 3657 penetrent
1134 3579 1168 3640 et
1192 3593 1281 3656 quae
1305 3578 1431 3644 acriter

253 3686 358 3763 atque
388 3684 539 3763 graviter
571 3687 706 3746 sonent.
760 3680 860 3760 Quod
897 3685 1056 3748 subtilius
1095 3686 1243 3764 perquiri
1277 3685 1428 3750 maxime

253 3806 380 3869 operae
411 3791 558 3869 pretium
591 3794 653 3853 est.
705 3789 790 3854 Nam
823 3792 852 3854 si
886 3793 1073 3855 nonnullae
1105 3792 1201 3870 gravi
1235 3795 1316 3857 sunt
1346 3792 1426 3874 ictu,

253 3897 394 3960 easdem
411 3912 492 3960 esse
509 3897 612 3960 etiarn
630 3898 746 3976 magni
768 3897 935 3961 momenti
953 3901 1225 3962 consentaneum
1250 3902 1313 3980 est,
1338 3903 1372 3964 et
1394 3900 1423 3962 si

252 4019 342 4082 quae
359 4003 417 4066 vix
433 4003 665 4082 percipiuntur
681 4005 859 4067 minimum
878 4004 928 4066 eis
954 4020 1035 4068 esse
1058 4005 1278 4068 tribuendum
1302 4022 1362 4084 per
1385 4020 1424 4069 se

250 4109 364 4188 ipsum
381 4113 476 4189 patet
506 4107 615 4187 Quam
634 4113 678 4174 ob
690 4127 764 4174 rem
778 4125 900 4173 omnes
913 4111 1004 4189 apud
1016 4110 1205 4191 Vergilium
1218 4115 1253 4175 et
1265 4111 1428 4178 Ovidium

251 4216 446 4294 anaphoras
478 4218 525 4280 115
558 4217 758 4297 ponderavi,
790 4219 827 4278 ut
860 4216 1022 4299 viderem,
1054 4221 1165 4282 utrum
1190 4219 1224 4281 in
1249 4219 1428 4298 anaphora

251 4338 358 4386 voces
389 4324 457 4386 levi
491 4324 644 4403 pondere
677 4325 747 4385 sint
771 4324 960 4388 crebriores
985 4341 1028 4388 an
1052 4325 1150 4404 gravi
1173 4325 1427 4405 pronuntiatae.
