3052 4876
670 297 867 360 ...10-

184 468 225 533 Τὸ
251 469 285 533 δὲ
309 480 415 555 σχῆμα
439 469 476 533 τὸ
501 469 670 556 εἰρημένον
686 484 782 536 τοῦτο
800 472 968 558 τριπλοῦν.
999 474 1062 536 Καὶ
1079 473 1141 556 γὰρ
1159 469 1358 558 ἐπαναφορὰ

179 574 259 652 ἴσως
287 575 413 662 εἴρηται
444 575 498 640 διὰ
527 575 564 640 τὸ
594 577 651 662 τὴν
679 579 779 664 αὐτὴν
804 580 892 658 λέξιν
917 576 1191 664 ἐπαναφέρεσδαι
1204 576 1274 642 ’ἐπὶ
1298 579 1365 664 τὴν

179 682 278 767 αὐτὴν
309 682 421 768 ἀρχήν.
469 684 533 746 Καὶ
563 683 753 749 ἀσύνδετον·
780 685 855 765 δίχα
887 686 948 770 γὰρ
977 683 1160 766 συνδέσμων
1190 685 1357 749 λέλεκται·

178 790 233 853 καὶ
266 786 510 870 δμσιοτέλευτον
543 789 597 853 διὰ
629 791 686 876 τὴν
718 792 880 877 ἀπόληξιν
904 802 961 854 τοῦ
987 792 1153 875 <καλεῖς’ῑ)
1185 791 1356 869 πολλάκις.

178 897 241 958 Καὶ
269 894 447 981 δεινότης
470 895 687 982 ἤθροισται
713 896 747 961 ἐκ
765 911 831 962 τῶν
847 909 956 982 τριῶν.
975 895 1003 961 εἰ
1021 897 1047 960 δ’
1067 895 1157 961 ε’ίποι
1174 922 1224 974 τις
1240 896 1355 976 οίίτισς,

178 1001 245 1066 ἐπὶ
269 1002 411 1066 σαυτὸν
440 1004 504 1067 καὶ.
533 1004 623 1080 τοὺς
652 1005 794 1086 νόμους
822 1005 977 1089 κοίτην
1002 1004 1271 1089 δημοκρατίαν
1295 1029 1356 1067 κα.

177 1110 270 1186 λεῖς,
296 1110 363 1191 ἅμα
386 1089 638 1196 τοῖς-σχήμασιν
663 1091 902 1197 ἐξαιρήσει-καὶ
927 1111 985 1196 τὴν
1009 1111 1188 1196 δεινότητα.

284 1234 432 1319 Idemtss)
482 1233 542 1297 Τδν
574 1234 608 1298 δέ
639 1239 751 1318 Νιρέα,
786 1235 884 1298 αὐτόν
914 1259 948 1298 τε
978 1233 1055 1298 όντα
1083 1234 1199 1318 μικρὸν
1229 1236 1282 1297 καὶ
1312 1235 1355 1298 τὰ

177 1343 357 1424 πράγματα
374 1340 473 1403 αὐτοῦ
489 1340 675 1427 μικρότερα,
691 1354 779 1425 τρεῖς
795 1354 873 1418 ναῦς
888 1343 943 1405 καὶ
961 1340 1089 1425 ὀλίγους
1106 1341 1235 1424 ἀνδρας,
1252 1346 1355 1424 μέγαν

177 1448 233 1510 καὶ
256 1447 381 1530 μεγάλα
406 1445 541 1532 ἐποίησε
564 1449 619 1511 καὶ
645 1450 752 1512 πολλὰ
777 1445 845 1512 ἀντ’
861 1447 988 1532 ὀλίγον.
1014 1460 1059 1531 τῷ
1085 1451 1224 1533 σχήματι
1245 1447 1354 1531 διπλῷ

176 1554 231 1615 καὶ
255 1565 358 1636 μικτῳ
390 1557 599 1638 χρησόμενος,
633 1553 668 1633 ἐξ
696 1553 983 1641 ἐπαναφορᾶς
1013 1578 1048 1616 τε
1081 1556 1133 1616 καὶ
1165 1554 1353 1631 διαλύσεως.

177 1662 306 1743 Νιρεὺς,
331 1662 403 1744 γάρ,
429 1681 518 1744 φησι,
528 1663 556 1739 ³)
573 1671 661 1744 τρεῖς
676 1672 755 1746 νῆας
779 1661 864 1744 ἄγεν,
885 1662 1003 1746 Νιρεὺς
1026 1656 1170 1745 Ἀγλαΐης
1188 1655 1224 1722 δ’
1242 1659 1352 1741 υἱός,4)

176 1766 305 1850 Νιρεὺς,
324 1764 359 1843 ός
376 1766 546 1842 κάλλιστος
570 1765 664 1851 ἀνήρ·
690 1768 710 1852 η’
733 1791 768 1829 τε
792 1769 852 1851 γὰρ
878 1765 1137 1852 ἐπαναφορὰ
1161 1777 1218 1853 τῆς
1234 1768 1354 1846 λέξεως

177 1872 234 1937 ἐπὶ
259 1873 295 1936 τὸ
320 1871 399 1936 αὐτὸ
424 1871 536 1954 ὄνομα,
570 1871 626 1936 τδν
651 1879 764 1957 Νιρέα,
799 1876 853 1937 καὶ
886 1873 904 1956 ἡ
938 1873 1083 1950 διάλυσις
1111 1874 1284 1959 πλῆθός
1311 1899 1350 1937 τι

176 1977 381 2064 ἐμφαίνει
408 1983 681 2063 πραγμάτων,
705 1984 812 2042 καίτοι
838 1979 894 2042 δύο
918 1978 937 2061 ἢ
962 1991 1061 2066 τριῶν
1086 1979 1197 2042 ίίντιον.

282 2105 317 2188 b)
344 2103 599 2168 Alexander
622 2104 887 2168 Numenius:
910 2109 1011 2169 tacet.

284 2247 314 2330 c)
338 2246 711 2330 Hermogenes:⁵)
756 2244 802 2309 Ᾰί
828 2270 863 2309 τε
892 2241 948 2310 οὖν
972 2250 1172 2331 παρισώσεις
1196 2246 1349 2307 καλλω-

175 2352 337 2430 πίζουσιν,
363 2354 475 2436 ὥσπερ
501 2350 660 2437 ἐλέγομεν,
695 2354 749 2416 καὶ
779 2353 820 2416 αἱ
844 2354 950 2416 κατὰ
975 2353 1110 2415 κῶλον
1135 2350 1214 2414 ἐπα
1227 2374 1307 2433 ναφ
1317 2375 1349 2414 ο-

176 2464 255 2544 ραί,
282 2455 372 2521 οἷον·
397 2463 491 2543 μέχρι
517 2462 634 2523 τούτου
650 2463 825 2544 Λασθένης
841 2460 938 2545 φίλος
955 2458 1141 2540 ὠνομάζετο
1168 2459 1347 2535 Φιλίππου,

174 2563 236 2643 ἕως
259 2563 450 2650 προύδωκεν
464 2564 630 2629 Ὄλυνθον.
655 2570 751 2650 μέχρι
775 2569 891 2630 τούτου
919 2566 1087 2647 Τιμόλαος,
1114 2563 1175 2640 ἕως
1199 2564 1349 2626 ἀπώλεσε

177 2675 290 2757 θήβας.
317 2668 520 2756 ἐπαναφέρει
544 2672 605 2755 γὰρ
631 2670 687 2736 ἐπὶ.
711 2672 748 2736 τὸ
774 2671 853 2735 αὐτὸ
877 2677 977 2755 μέρος
1000 2671 1180 2754 τοῦλόγου.
1199 2669 1349 2754 διαφέρει

174 2777 210 2842 δὲ
235 2781 451 2863 παρισώσεως
473 2788 530 2862 τῆς
553 2774 624 2840 κατ’
642 2777 745 2860 ἀρχὰς
768 2789 864 2840 τοῦτο
888 2775 925 2840 τὸ
941 2787 1057 2862 σχῆμα,
1083 2773 1101 2860 λη
1121 2775 1185 2840 ἐκεῖ
1200 2776 1260 2857 μὲν
1276 2778 1348 2840 σολ-

174 2886 255 2970 λαβή
281 2881 366 2947 ἐστιν
391 2883 409 2966 η
434 2883 513 2968 αὕτη
540 2879 593 2947 ἐπ’
618 2883 742 2969 ἀμφοῖν
766 2894 836 2946 τοῑν
860 2883 988 2946 κώλοιν·
1013 2882 1042 2946 εἰ
1066 2883 1101 2948 δὲ
1125 2887 1180 2947 καὶ
1204 2885 1346 2960 πλείους,

174 2991 246 3054 ἀλλ’
270 2991 308 3055 οδ
339 2991 437 3075 λόγου
470 2994 592 3074 γίνεται
626 2994 726 3075 μέρος
756 2989 941 3075 ὁλόκληρον.
977 2988 1133 3055 ἐνταυθοῖ
1159 2992 1192 3056 δὲ
1217 2992 1274 3076 όλη
1299 3015 1349 3066 τις

175 3098 271 3178 λέξις.
299 3098 371 3174 Καὶ,
397 3097 414 3160 ὃ
438 3097 497 3179 μὲν
521 3099 560 3160 ἀν
584 3093 602 3181 ᾗ
628 3095 835 3182 ἐπαναφορά,
860 3097 914 3160 καὶ
941 3103 1124 3183 παρισιοσίς
1141 3097 1226 3163 ἐστιν
1244 3100 1260 3181 η
1277 3094 1347 3161 κατ’

175 3204 287 3289 ἀρχάς,
306 3205 322 3266 ὃ
342 3203 368 3266 δ’
387 3207 427 3267 δν
443 3208 627 3287 παρίσιυσις
642 3199 661 3288 ᾗ
679 3198 749 3266 κατ’
767 3203 879 3289 ἀρχάς,
903 3204 1010 3269 οὐκέτι
1027 3203 1215 3290 ἐπαναφρσί.
1250 3204 1348 3268 οὐδὲν

175 3311 210 3374 δὲ
226 3311 426 3392 θαυμαστόν,
452 3313 482 3374 εἰ’
497 3336 525 3374 τι
548 3313 601 3375 καὶ
627 3308 806 3395 λαμπρὸν
830 3309 849 3392 ἢ
873 3311 1045 3393 ἀκμαῖον
1061 3310 1141 3391 ἔχει
1158 3311 1198 3374 τὸ
1217 3335 1347 3394 προει-

174 3423 342 3503 ρημένον
372 3418 633 3502 παράδειγμα.
681 3422 847 3501 συγγένεια
870 3419 932 3503 γὰρ
956 3420 1066 3483 κάλλει
1091 3417 1176 3505 πρὸς
1199 3420 1347 3503 λαμπρό-

173 3548 255 3610 τητα
280 3522 312 3588 ἐν
336 3525 459 3586 όπαντι
484 3523 597 3603 σχεδὸν
621 3527 800 3607 πράγματι,
826 3525 881 3589 διὰ
898 3524 933 3589 δὲ
949 3537 1045 3588 τοῦτο
1063 3526 1117 3587 καὶ
1133 3524 1218 3611 πρὸς
1232 3525 1345 3608 ἀκμήν.

173 3632 214 3693 τὰ
229 3631 289 3714 γὰρ
307 3627 430 3710 ἀκμαῐό
446 3653 481 3692 τε
498 3631 552 3693 καὶ
568 3630 684 3714 ὡραῖα,
703 3633 757 3694 καὶ
774 3636 909 3714 σώματα
925 3633 980 3695 καὶ
995 3633 1022 3708 ὃ,
1037 3655 1067 3693 τι
1081 3633 1199 3711 βούλει,
1213 3634 1347 3704 πόντιος

173 3737 310 3820 λαμπρὰ
334 3737 389 3798 καὶ
412 3733 505 3812 καλό,
531 3736 568 3799 οὐ
592 3735 654 3820 μὴν
678 3735 716 3800 τδ
741 3737 914 3802 ἀνάπαλιν.
948 3737 1046 3800 καλὸν
1069 3740 1131 3818 γάρ
1155 3760 1186 3797 τι
1211 3733 1345 3795 δόναται

283 3951 304 4015 ¹)
325 3952 357 4005 R.
377 3968 403 4020 p.
422 3952 458 4004 55
476 3968 501 4006 v.
524 3952 556 4005 13
576 3968 634 4022 τερ.
654 3951 818 4008 ccbxvffl
840 3964 888 4017 pro
918 3935 1027 4010 καλεῖς
1053 3943 1130 4012 ponit
1158 3934 1342 3996 καλεῖσθαι.

281 4038 306 4106 ²)
326 4041 370 4095 W.
390 4041 430 4094 IX
448 4039 483 4094 35
503 4057 561 4110 esp.
581 4041 654 4106 LXI,
673 4041 705 4094 R.
726 4057 752 4108 p.
772 4038 805 4092 18
824 4053 881 4104 cap.
902 4034 973 4088 LXI.
994 4034 1038 4102 Sp.
1059 4033 1103 4087 111
1122 4033 1183 4100 276,
1203 4050 1228 4087 v.
1247 4034 1290 4088 20.

284 4127 539 4194 8)εαί1.Ησιυεειιε
559 4132 580 4183 B
600 4130 661 4185 671.

277 4217 301 4280 ⁴)
320 4219 352 4273 R.
374 4209 517 4293 Ἀγλαΐης
540 4206 609 4284 υἱός
632 4217 730 4272 omisso
753 4207 801 4271 δ’.

280 4306 305 4373 ⁶)
324 4306 373 4378 W..
387 4307 431 4362 111
450 4308 503 4362 284
522 4324 547 4362 v.
570 4307 602 4359 10
620 4322 660 4372 sq.
679 4303 724 4373 Sp.
745 4303 772 4356 11
790 4320 819 4372 p.
839 4302 891 4358 835
910 4319 937 4357 v.
956 4301 981 4356 7.
