3054 4898
630 262 827 326 ‚47-

142 449 268 525 autern,
301 458 369 524 qua
400 441 483 505 illud
516 441 662 519 primum
695 440 891 518 exemplum
924 439 967 502 ab
991 437 1099 502 altero
1124 439 1248 522 diflert,
1279 442 1313 505 in

144 551 297 617 secunda
312 565 399 614 voce
413 548 656 627 repetitionum
673 547 889 625 conspicitur.
924 544 1008 609 Nam
1034 545 1064 609 si
1087 546 1144 611 illa
1161 547 1315 628 secunda

143 676 214 725 vox
236 658 328 722 idem
352 655 528 737 significat
548 671 588 719 ac
603 655 703 736 prior,
728 656 904 733 anaphora
921 655 983 733 est,
1008 653 1038 716 si
1055 641 1178 736 minus,
1203 670 1314 721 corre-

143 767 234 830 latio.
270 762 345 842 Qua
360 765 396 827 in
409 779 448 828 re
463 779 532 827 non
552 779 572 826 a
587 763 768 841 proposito
785 777 866 825 esse
883 761 1027 824 arbitror
1043 775 1315 827 commemorare

143 886 413 951 nonnunquam
439 869 505 934 alia
528 885 668 962 quoque
691 869 826 932 ratione
851 867 1092 947 repetitionem
1118 870 1315 948 anaphorae

144 979 351 1044 simillimam
375 976 476 1043 ellici.
508 974 611 1040 Velut
634 991 750 1056 saepe,
775 975 832 1055 qni
857 973 966 1054 digito
991 973 1119 1054 aliquid
1137 978 1315 1057 monstrat,

144 1100 353 1166 quamquam
375 1083 467 1149 idem
492 1084 637 1148 verbum
659 1082 792 1162 repetit,
816 1081 908 1146 aliud
932 1080 1114 1160 significat.
1160 1080 1316 1162 Exempli

143 1192 253 1272 gratia
284 1190 368 1255 illud
391 1189 533 1269 Vergilii
564 1189 599 1251 in
628 1191 730 1252 sexto
754 1186 931 1252 Aeneidos
955 1188 1041 1251 libro
1067 1188 1160 1271 (836)
1184 1189 1316 1255 allero:

251 1314 331 1378 llle
353 1314 563 1392 triumphata
586 1309 753 1391 capitolia
777 1312 820 1376 ad
845 1312 913 1376 alta
937 1308 1101 1376 Corintho

251 1420 370 1485 Victor
394 1421 476 1499 aget
499 1434 633 1483 currum
658 1420 771 1483 caesis
795 1418 942 1498 insignis
967 1417 1118 1483 Achivis.

251 1526 356 1591 Eruet
378 1526 459 1591 ille
482 1525 596 1606 Argos
620 1525 983 1608 Agamemnoniasque
1005 1525 1178 1605 Mycenas.

250 1668 321 1734 lam
353 1668 517 1732 nonullos
548 1669 647 1731 locos
671 1667 777 1749 attuli,
808 1667 993 1750 inquibus
1023 1683 1107 1733 vera
1140 1672 1317 1749 anaphora

146 1779 188 1840 ah
213 1792 263 1857 ea,
286 1791 375 1857 quae
399 1775 516 1854 specie
532 1779 666 1838 tanturn
691 1778 754 1855 est,
777 1775 871 1838 nullo
895 1775 1038 1855 negotio
1065 1776 1317 1844 internoscitur.

146 1881 221 1947 Non
251 1897 328 1946 raro
360 1884 475 1946 autem
510 1883 546 1945 in
578 1882 735 1946 oratione
770 1881 1037 1961 deprehenditur
1059 1882 1181 1957 forma,
1218 1902 1317 1969 quae,

146 1991 239 2073 quod
270 2007 341 2055 vox
371 1991 517 2070 repetita
549 1990 644 2053 omni
675 2006 719 2052 ex
750 1993 848 2068 parte
881 2004 959 2053 curn
983 1991 1211 2055 antecedente
1235 2009 1316 2058 con-

145 2098 244 2177 gruit,
266 2097 428 2161 facillime
451 2113 530 2161 cum
554 2098 730 2176 anaphora
754 2096 1000 2178 confundatum
1032 2098 1096 2161 sed
1127 2115 1210 2162 vera
1234 2115 1314 2165 ana-

146 2205 256 2283 phora
264 2204 365 2268 aliam
377 2204 480 2268 etiam
490 2206 608 2268 notam
618 2204 824 2267 discriminis
833 2204 946 2268 habet.
967 2202 1029 2268 Est
1041 2208 1131 2268 enirn
1142 2207 1316 2287 proprium

145 2311 248 2375 huius
271 2312 406 2392 figurae
430 2311 552 2375 eadem
576 2311 825 2375 sententiarum
854 2327 983 2390 genera
1010 2311 1174 2377 inchoare
1206 2316 1317 2379 velut:

254 2433 578 2500 Ov.am.1l1419:
638 2453 641 2461 ·

193 2539 374 2606 Centum
397 2540 513 2605 lronte
536 2542 686 2626 occulos,
710 2548 887 2608 centum
912 2545 1046 2608 cervice
1069 2548 1220 2625 gerebat.

148 2663 296 2730 Ve10v.
320 2664 370 2729 De
394 2667 455 2730 art
479 2682 543 2731 am.
567 2665 595 2730 Il
619 2669 699 2732 29l:

192 2787 233 2854 Si
257 2806 405 2869 poenam
430 2802 543 2874 servo,
567 2793 605 2856 si
630 2793 767 2858 vincula
790 2810 897 2860 saeva
920 2796 1075 2861 remittis.

146 2912 342 2979 Sententiae
373 2917 489 2979 autem
515 2917 659 2981 huiusce
688 2918 782 2982 modi
812 2920 842 2983 si
865 2920 1023 3003 legimus,
1052 2937 1121 2985 non
1147 2917 1336 2989 sentimus

97 3090 100 3098 ,
148 3022 374 3100 anaphoram:

252 3142 314 3211 Ov.
339 3147 382 3211 de
406 3150 466 3213 art.
491 3163 555 3212 am.
579 3148 608 3212 ll
632 3150 715 3214 300:

192 3248 353 3333 Gausapa
377 3255 408 3318 si
432 3256 545 3337 sumit,
569 3273 726 3337 gausapa
750 3261 889 3336 sumpta
911 3260 1029 3337 proba.

253 3393 401 3460 Omissis
433 3397 537 3475 igitur
571 3399 657 3462 locis
694 3400 752 3479 qui
785 3399 902 3478 specie
936 3404 1070 3466 tantum
1105 3406 1316 3485 anaphoram

146 3501 324 3568 continent
340 3503 383 3566 ad
408 3519 485 3567 eam
500 3504 668 3586 venimus,
692 3522 781 3586 quae
798 3522 880 3570 vere
895 3507 978 3571 mihi
995 3509 1117 3574 dicitur
1133 3513 1333 3591 anaphora.-

146 3605 214 3672 Sed
231 3609 335 3672 etiam
351 3608 407 3672 hic
421 3610 561 3672 nonulla
577 3626 706 3689 genera
722 3613 765 3675 ab
781 3614 847 3677 hac
862 3615 1068 3680 tractatione
1083 3618 1317 3702 excludentur,

146 3715 242 3779 velut
258 3731 300 3778 ea
317 3715 501 3798 anaphora,
525 3732 615 3795 quae
631 3717 788 3800 eflicitur,
813 3735 890 3784 cum
908 3724 1048 3802 saepius
1064 3726 1172 3791 verba
1190 3726 1315 3790 eodem

148 3836 254 3886 sensu
278 3834 348 3885 non
373 3824 488 3886 autem
506 3825 627 3888 eadem
643 3824 756 3890 lorma
772 3832 1002 3894 resumuntur.
1034 3829 1189 3911 Exempli
1206 3834 1317 3911 gratia

147 3927 257 3992 allero
281 3928 380 3993 illud:

253 4069 354 4150 Verg.
378 4070 462 4136 Aen.
485 4072 530 4137 Xl
553 4075 633 4139 715:

191 4174 311 4241 Vane
333 4176 438 4257 Ligus
461 4178 725 4265 frustraque
749 4182 872 4246 animis
896 4184 987 4248 elate
1009 4185 1177 4268 superbis,

191 4281 494 4366 Nequicquam
518 4286 649 4364 patrios
672 4289 850 4369 temptasti
872 4290 1023 4355 lubricus
1048 4296 1148 4356 artes.
