3052 4876
213 727 396 806 Virorum
426 726 639 804 doctorum
670 724 720 802 ab
751 721 1035 824 antiquissimis
1065 720 1315 820 temporibus

211 869 340 952 usque
370 851 420 928 ad
450 853 525 928 hos
555 871 683 928 annos
713 849 830 948 leges
860 851 981 948 atque
1010 849 1233 946 praecepta
1263 844 1315 920 de

277 978 481 1076 anaphora
511 973 721 1076 proposita
752 972 992 1071 colliguntur
1020 971 1244 1070 eademque

308 1100 310 1106 ’
600 1098 921 1178 considerantur.

307 1350 349 1412 Α.
381 1347 482 1430 Quid
508 1345 648 1414 Graeci
673 1347 721 1412 de
747 1346 954 1430 anaphora
978 1343 1218 1411 censuerint.

286 1523 415 1607 Graeci,
440 1528 478 1589 ut
501 1525 656 1588 omnium
680 1525 754 1588 iere
778 1523 901 1587 artium
926 1525 1030 1603 atque
1054 1523 1285 1586 doctrinarum
1300 1523 1350 1585 in-

123 1672 126 1677 ·
178 1635 343 1701 vaniores
364 1632 515 1712 fuerunt,
539 1633 586 1695 ita
602 1631 706 1695 etlam
724 1631 807 1694 artis
824 1629 994 1694 oratoriae
1010 1629 1218 1694 exstiterunt
1234 1631 1351 1694 aucto-

176 1756 243 1805 res.
288 1739 401 1820 thue
431 1740 467 1804 in
498 1740 574 1803 aliis
609 1738 799 1819 disciplinis
822 1737 975 1819 undique
1004 1737 1090 1802 mira
1118 1752 1239 1801 eorum
1270 1752 1351 1817 cog-

177 1846 333 1912 noscitur
356 1847 528 1928 elegantia
552 1851 586 1911 et
610 1846 793 1929 subtilitas,
825 1845 874 1911 ita
906 1845 1010 1910 etlam
1042 1845 1078 1909 in
1110 1847 1183 1909 arte
1215 1843 1350 1909 dicendi

177 1939 349 2035 nusquam
373 1971 443 2018 non
468 1954 752 2019 animadvertitur
775 1954 953 2019 urbanitas
977 1956 1013 2017 et
1030 1954 1208 2020 venustae.
1238 1948 1350 2028 Quare

176 2061 252 2126 lieri
276 2061 417 2126 omnino
441 2078 511 2126 non
535 2065 680 2144 poterat,
704 2064 743 2126 ut
764 2061 949 2141 praecipua
964 2059 1131 2124 orationis
1147 2061 1351 2123 ornamenta

177 2184 240 2232 eos
276 2167 485 2249 eilugerent,
520 2172 559 2233 ut
593 2172 714 2248 tropos
750 2172 786 2232 et
818 2168 952 2248 figuras
987 2183 1058 2232 non
1092 2165 1258 2230 viderent.
1308 2162 1351 2228 lit

176 2275 383 2357 ,gloriantur
406 2275 473 2355 ipsi
501 2277 629 2356 ,talium
660 2290 700 2338 se
723 2275 914 2353 figurarum
938 2274 1014 2336 sive
1037 2276 1215 2352 troporum
1238 2271 1350 2336 luisse

175 2383 424 2465 repertorem)
471 2379 604 2457 Quodsi
641 2382 699 2444 illa
734 2380 864 2443 lumina
899 2378 1066 2443 orationis
1101 2379 1350 2461 intellexerant,

178 2488 389 2566 anaphoram
425 2504 496 2551 non
533 2488 689 2551 defuisse
722 2485 1006 2576 verisimillimum
1040 2487 1103 2550 est.
1149 2482 1233 2562 Quis
1265 2500 1349 2550 vero

176 2594 288 2676 luerit,
313 2594 371 2673 qui
395 2594 539 2672 primam
565 2594 608 2658 de
625 2595 803 2672 anaphora
819 2594 1010 2677 doctrinam
1027 2593 1168 2675 dederit,
1193 2594 1350 2659 conicere

176 2702 288 2782 magis
320 2717 424 2781 quarn
459 2703 613 2766 statuere
646 2701 749 2766 nobis
780 2700 890 2767 liceat.
936 2698 1013 2765 Non
1042 2702 1158 2766 autem
1186 2717 1349 2785 erremus,

176 2809 206 2873 si
222 2805 385 2888 Gorgiam
408 2806 617 2873 Leontinum
639 2808 752 2873 luisse
776 2807 1027 2872 contendimus.
1059 2805 1159 2885 Quod
1174 2809 1349 2873 nonnullis

175 2915 315 2980 minime
331 2916 467 2980 levibus
481 2916 682 2981 auctoribus
695 2916 798 2980 nobis
815 2915 1051 2995 persuadetur.
1068 2914 1172 2981 Velut
1188 2914 1350 2996 Aquila

175 3021 406 3103 Romanum)
437 3019 531 3102 ,Sunt
554 3023 675 3102 igitur‘,
706 3023 825 3104 inquit,
857 3023 1000 3105 ,figurae
1028 3022 1235 3087 elocutionis
1260 3024 1347 3088 aliae

177 3126 436 3189 adornandum
468 3130 604 3190 tantum
637 3130 672 3191 et
703 3130 804 3208 quasi
835 3129 878 3193 ad
910 3129 1123 3209 pingendum
1156 3130 1348 3194 orationem

175 3233 475 3314 accommodatae,
512 3234 638 3312 quibus
671 3236 831 3314 princeps
865 3233 1061 3315 Gorgias
1089 3234 1348 3302 Leontinus

175 3356 261 3404 usus
296 3342 368 3404 est‘
414 3339 534 3420 ltaque
567 3342 744 3421 anaphora
778 3358 855 3406 eum
892 3343 957 3406 has
989 3343 1117 3407 habeat
1141 3343 1286 3408 virtutes
1313 3345 1348 3408 in

174 3447 240 3512 illis
264 3448 387 3527 liguris
410 3443 523 3512 tuisse
547 3448 699 3512 maxime
722 3449 865 3514 videtur.
900 3446 1120 3534 Nordeni)
1143 3451 1253 3515 multo
1277 3453 1348 3516 evi-

175 3555 312 3619 dentius
336 3557 442 3620 hahet
465 3558 719 3635 argumentum.
766 3554 931 3638 Gorgiam
955 3557 1046 3621 enim
1075 3557 1157 3622 dicit
1185 3559 1347 3638 antiquos

174 3658 305 3746 εὑρέτην
321 3664 494 3746 σχημάτων
511 3679 594 3727 esse
609 3663 800 3746 putavisse,
813 3665 997 3745 praecipue
1012 3680 1033 3729 e
1048 3665 1171 3745 liguris
1188 3663 1347 3728 ἀντίθετα

173 3771 208 3833 et
225 3767 374 3846 ἰσόκωλα,
398 3771 523 3854 πάρισα
546 3773 580 3834 et
602 3766 831 3850 ‹ipoiortiavru
855 3773 1010 3852 aliasque
1031 3773 1188 3837 eiusdem
1208 3774 1347 3854 generis

174 3874 383 3958 adhibuisse,
407 3877 441 3940 id
460 3877 555 3957 quod
570 3876 790 3956 gravissimis
807 3880 1017 3944 testimoniis
1034 3879 1224 3944 confirmat.
1257 3878 1348 3943 inter

172 3980 249 4044 illas
266 3985 381 4046 autem
396 3984 539 4067 figuras,
565 4000 711 4065 quarum
728 3986 882 4050 inventio
899 3986 956 4051 vel
971 3987 1089 4066 potius
1104 3988 1192 4053 ratio
1208 4025 1249 4034 -
1266 4004 1347 4052 nam

146 4120 151 4125 ·
282 4157 305 4225 ¹)
323 4157 400 4215 Beda
418 4161 597 4230 Venerabilis,
618 4165 651 4219 do
670 4165 770 4221 acham.
790 4171 819 4220 et
836 4166 931 4235 tropis,
951 4165 1040 4232 Halm,
1059 4166 1112 4222 607
1131 4183 1157 4225 r.
1177 4167 1202 4226 8.

279 4245 574 4318 GEmeffi

280 4334 305 4411 ο)
325 4336 429 4399 Antike
447 4338 622 4412 Kanatproaa
639 4342 653 4396 Ι
670 4359 697 4415 p.
717 4342 760 4402 15.
