3052 4876
657 280 857 349 -79-

171 459 238 516 hiet.
255 458 310 514 xli.
330 461 390 516 325.
428 462 501 517 Mors
520 463 608 518 caruit
627 478 707 517 sensu
726 463 859 533 plenoque
879 480 893 517 e
912 469 1030 532 guttura
1047 464 1130 520 fluxit

226 552 329 619 Inque
348 560 423 606 toros
441 551 544 620 inque
564 552 623 621 ipsa
641 555 720 622 niger
739 553 879 609 carchesia
897 538 1019 622 sangnis.

175 641 255 695 Trist.
275 641 310 694 lV
328 643 354 706 8,
377 643 416 695 11.
454 643 562 711 Inque
581 642 642 697 sinu
661 644 785 697 dominae
804 643 929 711 carisque
948 643 1084 698 sodalibus
1102 644 1209 713 inque

227 729 341 784 Securus
360 730 451 798 patria
470 730 648 785 consenuisse
667 749 739 799 mea3

283 851 379 930 Quae
404 856 580 932 anaphora
610 858 734 935 partim
768 857 946 937 coniungit
970 873 1061 921 voce
1089 838 1193 939 ,que‘
1223 861 1346 939 prioris
1409 880 1411 884 ⁴

173 963 318 1026 membri
343 964 581 1026 antecedentia
614 979 691 1026 cum
725 964 961 1047 sequentibus,
991 965 1113 1041 partim
1139 967 1208 1029 vim
1243 967 1348 1031 habet

175 1071 512 1150 mmm-m
992 1068 996 1075 ’

585 1192 631 1280 C)
655 1192 738 1259 Vox
762 1198 949 1277 ‚atquet

284 1317 489 1397 Anaphoras
505 1319 658 1398 bipertas
675 1333 763 1381 voce
787 1319 910 1399 ‚atque‘
925 1320 1142 1385 abundantes
1159 1325 1251 1402 apud
1265 1323 1349 1390 Ver-

175 1427 295 1506 gilium
320 1428 355 1489 et
378 1423 538 1489 Ovidium
563 1440 633 1487 non
656 1424 773 1487 inueni
797 1424 880 1487 nisi:

176 1556 242 1607 Aen.
264 1552 318 1604 Vlll
338 1552 390 1605 658
438 1552 550 1605 Aurea
569 1549 702 1603 caesaries
722 1549 782 1602 ollis
808 1557 915 1618 atque
935 1569 1045 1606 aurea
1064 1554 1157 1608 vestis.

320 1805 379 1869 De
412 1807 575 1884 copula
608 1807 867 1869 abundante
894 1806 938 1868 in
971 1810 1206 1887 anaphora

601 1931 925 2010 multipartita.

284 2109 356 2173 iam
380 2110 424 2173 ad
449 2110 661 2189 anaphoram
685 2109 896 2191 tripertitam,
926 2126 1015 2189 quae
1041 2115 1165 2192 copula
1189 2117 1350 2198 abundat,

178 2220 407 2281 transeamus
446 2214 497 2279 De
531 2232 599 2295 qua
628 2215 752 2279 Birtins
784 2217 851 2280 iam
886 2217 932 2298 (in
961 2217 1161 2284 Halieuticis
1194 2238 1264 2301 pag
1296 2223 1351 2304 65)

179 2323 377 2403 disputavit.
432 2320 618 2386 Enumerat
653 2326 768 2386 autem
785 2381 787 2385 ,
802 2324 988 2387 nonnullos
1021 2325 1127 2408 lecca,
1159 2328 1217 2390 ubi
1250 2329 1351 2393 tertio

178 2435 312 2494 tanturn
337 2432 492 2494 membro
518 2431 643 2509 copula
667 2434 722 2494 est
745 2431 888 2495 adiecta.
927 2430 1048 2495 Velut:

234 2554 300 2608 Ter
319 2555 387 2617 sine,
406 2562 538 2625 perpetuo
558 2556 660 2610 caelum
681 2562 805 2610 versetur·
825 2573 852 2609 m
872 2573 931 2621 axe,

233 2645 304 2698 Ter
322 2644 422 2714 iungat
440 2646 523 2700 Titan
545 2653 670 2713 terque
689 2646 809 2700 resolvat
830 2662 925 2714 equos;
946 2647 1034 2710 (Fest.
1055 2649 1089 2701 lV
1113 2649 1174 2713 119)

233 2736 360 2809 Bassus
379 2734 481 2802 idem,
501 2736 591 2804 Tyriis
610 2737 657 2803 qui
676 2737 809 2804 quondam
829 2737 922 2805 puisus
941 2737 975 2790 ab
994 2737 1049 2790 oris

232 2825 347 2880 Cadmus
366 2824 394 2879 in
414 2824 501 2879 Aonia
522 2825 646 2880 constitit
665 2827 728 2880 exul
748 2827 836 2880 humo.

232 2914 359 2968 Passus
378 2915 467 2967 idem
487 2914 594 2979 Tydeus
615 2921 648 2966 et
667 2914 755 2969 idem
777 2915 932 2981 Pagasaeus
951 2917 1041 2970 Iason.
1079 2917 1169 2980 (Fast.
1189 2918 1202 2971 1
1221 2918 1286 2984 849)

233 3004 345 3068 Iamque
364 3001 446 3055 riori
466 3010 599 3067 praeeunt
617 3004 713 3068 fasces,
739 3021 828 3057 nova
847 3021 966 3072 purpura
986 3005 1084 3073 fulget,

234 3091 279 3142 Et
308 3106 405 3142 nova
425 3090 597 3156 conspicuum
616 3091 736 3157 pondera
755 3094 840 3146 sentit
860 3095 936 3148 ebur.
975 3095 1062 3159 (Fast.
1083 3096 1096 3147 I
1115 3095 1164 3154 81)

286 3229 465 3296 Eiusmodi
496 3232 562 3295 loci
595 3234 698 3297 etiam
731 3235 847 3312 piures
872 3240 1020 3300 exstant.
1061 3236 1173 3300 Tertio
1199 3241 1353 3303 membro

180 3339 360 3403 adhaeret:

649 3504 681 3585 a)
706 3504 785 3570 Vox
808 3507 887 3587 ,et‘

179 3627 278 3694 Georg.
298 3627 317 3679 li
337 3627 397 3681 408.
437 3628 571 3683 Primus
592 3630 701 3683 brianum
720 3631 815 3695 fodito,
836 3631 971 3699 primns
991 3633 1107 3687 devecta
1127 3639 1246 3687 cremato

233 3717 376 3770 Sarmenta
395 3724 432 3770 et
449 3719 536 3771 vallos
555 3718 684 3787 primus
704 3720 753 3772 sub
773 3725 848 3774 tecta
867 3722 977 3776 referto.

179 3806 280 3874 Georg.
300 3807 334 3859 lV
353 3806 414 3861 367.
452 3807 600 3876 Spectabat
618 3808 727 3863 diversa
745 3808 810 3862 locis
833 3810 996 3879 Phasimque
1016 3813 1171 3878 Lycumque

232 3897 269 3948 Et
288 3904 378 3964 caput,
398 3897 484 3950 unde
503 3898 576 3952 uitus
595 3897 711 3966 primurn
732 3914 760 3951 se
779 3900 896 3967 erumpit
916 3900 1043 3966 Enipeus.

234 3986 323 4040 Unde
342 3992 421 4054 pater
440 3987 591 4052 Tiberinus,
611 3996 648 4041 et
668 3989 761 4042 unde
787 3989 894 4043 Aniena
912 3989 1023 4055 fluenta,

180 4076 248 4129 Aen.
266 4075 276 4127 l
295 4075 356 4130 697.
394 4074 458 4127 Cum
478 4075 564 4139 venit,
583 4078 686 4130 aulaeis
705 4070 818 4130 iarn'se
837 4077 934 4143 regina
952 4078 1074 4144 superbis

234 4165 324 4218 Aurea
343 4163 493 4231 composuit
512 4165 614 4231 sponda
632 4167 800 4232 mediamque
819 4165 930 4230 locavit,

233 4254 301 4307 Iam
321 4261 400 4320 pater
421 4255 527 4306 Aeneas
547 4262 581 4305 et
601 4252 664 4306 iam
683 4256 802 4309 Troiana
823 4255 952 4308 inventus

234 4342 413 4398 Conveniunt.
