3052 4876
242 350 268 399 a
377 335 380 341 ,
663 304 704 315 ·-
741 267 785 332 83
821 306 858 316 -

284 445 418 524 Quodsi
435 448 633 528 quaerimus
648 448 827 526 poetarum
836 444 955 510 'utrum
965 443 1139 524 Vergilius
1152 444 1348 522 anaphoras

138 551 341 639 „subtilius
364 555 558 619 adhibuerit
581 572 624 619 an
649 551 803 634 Ovidius,
827 551 967 616 difficile
991 553 1037 616 sit
1059 551 1231 616 iudicium.
1262 549 1346 614 Nam

130 656 139 675 ⁹
175 663 376 742 anaphorae
392 662 516 741 copula
533 663 750 726 abundantes
768 661 858 741 apud
874 642 1059 747 utrumque
1074 667 1290 747 reperiuntur
1314 669 1349 730 et

176 771 272 836 nulla
295 785 407 849 paene
431 771 486 833 est
509 770 669 852 varietas,
697 780 787 849 quae
810 788 881 836 non
909 776 1046 856 utrique
1070 777 1115 840 sit
1138 775 1348 857 communis;

160 877 244 943 nisi
273 876 368 958 quod
397 876 644 957 aliquantisper
672 876 795 942 differe
817 879 959 962 Vergilii
984 899 1086 948 usum
1112 885 1154 947 ab
1178 880 1348 949 Ovidiano

174 971 421 1079 adnotavimus
446 999 550 1063 supra
573 1000 604 1065 p
629 986 670 1049 72
695 988 730 1050 et
753 987 795 1050 73
820 990 855 1052 et
879 992 930 1057 77.

544 1264 546 1268 ’
621 1225 894 1351 Summanum.
928 1381 934 1392 Ι
1039 1336 1044 1341 .

264 1430 429 1500 ..Constat
448 1447 562 1511 usque
584 1431 628 1495 ad
648 1433 714 1496 hos
731 1449 843 1497 annos
860 1435 943 1499 nihil
960 1435 1033 1499 fere
1048 1437 1166 1516 magni
1182 1437 1348 1501 momenti

175 1542 219 1606 de
243 1541 421 1619 anaphora
452 1555 533 1603 esse
563 1540 786 1620 elaboratum,
811 1541 1091 1629 quod‘plerique,
1116 1543 1174 1622 qui
1199 1543 1242 1606 de
1266 1559 1347 1607 ana-

173 1650 285 1730 phora
318 1649 472 1728 egerunt,
504 1647 672 1726 speciem·
688 1649 820 1711 tantum
855 1664 925 1712 non
950 1651 1066 1713 autem
1091 1650 1166 1713 eius
1190 1651 1347 1713 naturam
1426 1721 1429 1728 ,

175 1756 410 1835 respexerant.
456 1753 548 1819 Vera
580 1754 671 1816 enim
704 1756 901 1833 anaphorae
924 1758 1048 1820 natura
1071 1773 1141 1820 non
1165 1757 1199 1819 in
1223 1755 1281 1820 illa
1305 1757 1347 1819 ab

177 1859 337 1927 omnibus
360 1860 435 1924 iere
459 1861 684 1939 comprobata
700 1863 890 1926 exornandi
907 1865 942 1927 et
966 1863 1198 1942 amplificandi
1222 1863 1348 1927 oratio-

149 1985 254 2033 ·nem
278 1968 407 2043 virtute
429 1969 483 2030 est
507 1968 713 2049 quaerenda,
738 1984 828 2047 quae
851 1970 905 2033 vis
931 1970 1092 2034 omnihus
1117 1955 1224 2049 tropis
1249 1971 1284 2033 et
1306 1969 1348 2033 fi-

174 2075 270 2157 guris
295 2076 350 2138 est
366 2075 568 2155 communie,
581 2076 665 2169 sed,
689 2077 727 2138 ut
741 2080 836 2140 recte
850 2076 975 2140 Birtius
999 2077 1095 2159 vidit,
1117 2078 1151 2140 in
1177 2093 1229 2158 eo,
1254 2077 1348 2157 quod

174 2180 348 2247 inlocum
373 2181 654 2274 coniunctionum
679 2184 835 2246 succedit
858 2186 893 2246 et
916 2174 1075 2262 scriptori
1098 2185 1220 2248 harum
1244 2183 1347 2263 parti-

146 2360 150 2372 ,
175 2291 328 2356 cular'um
344 2289 490 2368 gratiam
507 2289 598 2353 facit.
629 2289 724 2352 Haec
741 2292 796 2352 θεῖ
815 2289 953 2369 propria
977 2290 1031 2353 vis
1056 2291 1263 2370 anaphorae,
1280 2306 1348 2370 qua

147 2418 150 2423 ·
176 2395 219 2462 ab
232 2398 307 2476 aliis
319 2396 442 2476 figuris
457 2395 581 2459 differt.
613 2393 647 2459 Si
660 2399 776 2458 tamen
790 2394 961 2460 interdum
975 2397 1153 2474 anaphora
1165 2397 1231 2460 alia
1244 2396 1348 2459 etiam

140 2535 145 2542 ·
176 2502 302 2571 virtute
316 2504 512 2584 exornatur,
535 2503 622 2566 haec
645 2519 715 2566 non
739 2504 883 2567 naturae
907 2503 982 2567 eins
1007 2505 1062 2567 est
1077 2502 1267 2584 tribuenda,
1284 2503 1348 2566 sed

175 2610 278 2675 aliam
293 2594 471 2690 'quandam
494 2609 731 2674 condicionem
750 2609 794 2674 ad
812 2626 889 2673 eam
906 2611 1072 2674 accedere
1085 2609 1268 2674 dicendum
1285 2610 1347 2673 est.

177 2717 214 2780 ln
239 2719 414 2796 anaphora
438 2720 554 2787 autem
580 2718 649 2781 vim
673 2734 754 2782 esse
786 2717 1018 2797 copulativam
1043 2719 1136 2781 certe
1159 2731 1263 2780 nemo
1287 2731 1346 2780 ne-

174 2824 281 2907 gabit,
311 2826 369 2904 qui
395 2841 518 2890 omnes
544 2826 610 2889 hac
640 2824 754 2905 figura
783 2825 971 2888 exornatos
995 2840 1120 2888 versus
1144 2821 1286 2901 Vergilii
1313 2824 1349 2885 et

175 2928 294 2997 Ovidii
313 2932 436 3010 legerit
459 2936 563 3010 atque
592 2925 842 3010 ponderaverit.
892 2928 967 3007 Qua
990 2932 1130 3010 propter
1160 2930 1237 2994 sola
1265 2944 1348 2992 ana-

175 3037 285 3118 phora
309 3038 500 3117 ponderata
524 3037 700 3101 diiudicari
731 3054 801 3101 non
825 3039 952 3119 potest,
983 3039 1060 3101 uter
1094 3038 1275 3116 poetarum
1305 3035 1349 3098 de

167 3145 302 3226 qulbus
324 3146 381 3225 egi
399 3146 444 3209 sit
460 3145 673 3225 praeclarior.
697 3143 771 3208 Hoc
795 3147 911 3209 autem
935 3144 1064 3208 nemini
1089 3143 1286 3221 displiceat:
1310 3138 1344 3205 Si

176 3251 255 3333 quis
278 3254 398 3333 poeta,
418 3254 577 3339 quamvis
601 3269 672 3316 non
694 3253 840 3315 remisse
858 3252 1009 3315 carmina
1026 3250 1154 3314 condat
1171 3252 1206 3313 et
1221 3264 1346 3313 versus

171 3374 261 3424 suos
289 3360 324 3422 in
356 3375 495 3424 omnem
521 3362 655 3440 partein
686 3358 838 3441 quadret,
869 3359 1093 3422 nihilominus
1131 3357 1234 3420 etiam
1267 3370 1348 3419 ana-

173 3467 306 3546 phorae
329 3483 400 3531 non
429 3469 484 3532 est
511 3466 712 3548 neglegens,
741 3467 798 3530 ille
827 3466 862 3529 in
896 3467 970 3529 arte
993 3464 1168 3528 Minervae
1197 3463 1348 3542 palmam

172 3573 270 3639 ferat.
307 3573 383 3638 Hoc
405 3573 441 3637 in
456 3573 650 3655 certamine,
674 3574 813 3638 tametsi
830 3571 972 3638 difficile
989 3571 1034 3637 sit
1050 3571 1095 3635 ad
1111 3569 1342 3650 iudicandum,

173 3681 287 3764 magis
309 3681 415 3746 faveo
439 3676 572 3746 ovidio.
