3052 4876
641 357 818 420 ..6-

253 528 347 598 Haec
369 534 472 613 igitur
496 534 560 596 erit
582 536 719 613 partitio
744 536 851 599 totius
877 536 1007 615 operis:

208 641 230 704 Ι.
253 641 413 706 Virorum
438 643 619 705 doctorum
643 644 686 705 ab
706 643 956 721 antiquissimis
973 645 1186 722 temporibus
1204 661 1325 724 usque

253 749 296 813 ad
319 749 386 812 hos
411 765 522 812 annos
545 749 644 828 leges
665 751 769 828 atque
784 752 968 828 praecepta
986 751 1028 813 de
1046 751 1223 829 anaphora
1238 767 1325 830 pro-

252 856 367 934 posita
384 856 590 935 colliguntur
607 856 800 935 eademque
826 856 1096 920 considerantur.
1125 855 1326 936 Exponitur

305 961 343 1027 A.
367 961 455 1039 Quid
480 960 601 1027 Graeci
626 963 669 1025 de
694 963 870 1040 anaphora
896 965 1101 1046 censuerint,

309 1069 344 1133 B.
369 1067 457 1145 Quid
480 1068 628 1133 Romani
653 1069 695 1132 de
720 1070 896 1148 anaphora
921 1071 1125 1152 censuerint,
1174 1085 1177 1091 ·

309 1177 343 1243 C.
367 1175 456 1254 Quid
480 1180 666 1257 scriptores
690 1178 901 1242 recentiores
927 1178 1130 1242 censuerint.

191 1285 227 1350 II.
252 1283 348 1363 Quae
379 1302 423 1349 ex
455 1286 648 1365 praeceptis
678 1286 721 1348 de
752 1286 928 1364 anaphora
951 1286 1139 1364 propositis
1164 1287 1325 1352 maxime

249 1393 417 1458 memoria
449 1395 531 1456 sunt
563 1393 676 1474 digna,
708 1392 880 1455 acuratius
912 1392 1128 1471 inquiruntur
1160 1395 1194 1456 et
1225 1409 1326 1472 quae

251 1502 354 1565 antea
376 1515 497 1580 parum
523 1500 704 1579 diligenter
728 1500 903 1578 disputata
928 1502 1017 1580 sunt,
1051 1499 1227 1577 copiosius
1257 1517 1325 1564 ex-

249 1606 426 1686 plicantur.

303 1714 337 1798 a)
360 1712 523 1778 Demetrii
548 1716 583 1776 et
605 1713 700 1776 Birtii
725 1714 920 1777 sententiae
945 1712 1178 1794 conferuntur,

302 1822 337 1906 b)
362 1821 406 1886 de
428 1819 692 1899 repetitionibus
717 1823 752 1882 et
774 1821 1018 1898 repetitionum
1046 1819 1168 1900 figuris
1193 1821 1323 1902 agitur,

307 1928 337 2012 c)
363 1943 452 2008 quae
469 1926 538 1991 vim
556 1925 787 2006 copulativam
800 1926 1000 2005 anaphorae
1014 1927 1201 1990 ostendant
1213 1942 1322 2006 argu-

361 2036 480 2099 menta
503 2033 703 2098 afferuntur.

173 2141 224 2207 ili.
248 2142 339 2209 Vera
371 2143 569 2222 anaphorae
603 2143 726 2206 natura
761 2140 1019 2205 demonstratur
1054 2142 1089 2204 et
1123 2141 1322 2206 illustratur

247 2251 415 2332 exemplis
440 2266 460 2314 e
487 2249 628 2329 Vergilii
660 2250 695 2313 et
718 2246 832 2313 Ovidii
856 2246 1065 2312 carminibus
1090 2248 1319 2325 depromptis.

246 2355 444 2437 Inquiritur:

300 2464 333 2550 a)
358 2462 535 2541 Quaenam
559 2465 665 2528 verba
688 2463 843 2543 inprimis
868 2462 1079 2542 anaphoram
1104 2459 1266 2543 efficiant,

299 2573 333 2656 b)
357 2571 477 2638 Utrum
500 2573 671 2637 vocabula
686 2571 884 2650 anaphorae
904 2570 982 2648 lege
1003 2569 1149 2648 repetita
1169 2569 1315 2647 saepius

358 2679 456 2759 gravi
480 2695 524 2744 an
547 2679 616 2743 levi
639 2679 709 2743 ictu
732 2678 899 2755 legantur,

303 2785 333 2870 o)
358 2784 477 2850 Utrum
494 2800 615 2848 verum
639 2785 685 2847 sit
708 2782 792 2844 illud
808 2780 902 2844 Birtii
924 2779 1088 2844 iudicium
1113 2795 1156 2844 an
1171 2780 1311 2864 falsum,

298 2892 333 2976 d)
357 2888 502 2968 Quoties
526 2889 703 2968 anaphora
726 2886 1027 2952 coniunctionibus
1045 2888 1225 2952 abundans
1248 2887 1308 2951 de-

357 2997 597 3077 prehendatur.
