3052 4876
480 401 483 406 ‚
618 297 812 369 --35-

125 490 160 552 in
192 485 340 567 singulis
369 484 531 549 membris
561 483 734 562 repetitur.
779 479 817 544 In
847 496 892 545 ea
913 479 1110 544 Demetrius
1143 479 1186 543 de
1209 472 1300 542 Eloc.

130 595 190 657 141
217 593 320 657 docet
342 591 460 656 inesse
490 591 593 655 etiam
622 590 708 654 alias
740 587 883 670 figuras
913 589 952 652 ut
983 583 1199 670 ἐπαναφοράν
1223 634 1230 648 .
1254 633 1261 648 .
1285 635 1302 668 .‚

129 697 300 762 ἀσύνδετον
323 746 331 762 .
354 746 361 762 .
386 746 403 779 .,
426 693 672 777 ὁμοιοτέλευτον
695 745 701 758 .
726 743 732 758 .
757 743 764 758 .
789 693 830 758 cf.
850 693 976 758 111268
1000 695 1036 756 et
1056 690 1198 772 Longin.
1223 693 1265 756 20
1288 689 1303 754 Ι

127 806 161 870 11.
181 805 317 885 Berger.
341 805 386 868 de
413 805 481 868 nat
503 804 608 882 pulcr.
625 795 680 867 Or.
700 819 731 881 p.
750 802 822 866 161.
847 800 1010 880 Hermog.
1026 816 1057 879 p.
1074 799 1135 864 58!
1158 837 1196 847 -
1224 797 1304 878 Agit

128 911 254 977 deinde
270 911 314 975 de
330 911 506 990 anaphora
522 906 669 975 Gramm.
687 905 896 973 Graecorum
917 909 1022 986 atque
1043 921 1121 986 pag.
1140 907 1201 971 117
1219 905 1303 985 legi-

130 1035 225 1083 mus:
249 1015 484 1108 ‘ifnavoqopb‚
508 1015 567 1095 fig.
592 1015 715 1080 eadem
740 1030 830 1094 quae
853 1012 1006 1098 ἀναφορὰ
1030 1011 1205 1092 Longino!
1246 1008 1305 1081 Sc·

131 1128 282 1208 quuntur
304 1124 380 1203 loci,
404 1123 463 1187 ubi
487 1125 531 1187 ab
555 1122 706 1204 antiquis
731 1122 775 1186 de
793 1122 859 1185 hac
881 1119 995 1200 figura
1011 1121 1067 1183 est
1083 1119 1304 1197 disputatum.

236 1252 269 1330 11)
303 1247 560 1313 Lobeckius
595 1261 699 1326 porro
733 1246 777 1310 de
809 1244 956 1324 singulis
991 1242 1114 1322 figuris
1150 1243 1306 1307 scholam

130 1357 259 1421 habuit.
306 1352 374 1420 Sed
408 1369 497 1432 quae
526 1352 715 1432 discipulos
740 1352 866 1432 docuit,
895 1366 966 1414 non
997 1349 1032 1414 in
1055 1349 1168 1414 lucem
1201 1349 1308 1413 edidit

133 1466 168 1527 et
200 1461 314 1526 adhuc
347 1475 437 1539 quae
468 1459 513 1522 ad
545 1460 757 1538 anaphoram
789 1457 971 1540 pertinent,
1005 1456 1098 1537 typis
1127 1457 1309 1557 non-sunt

134 1583 310 1648 expressa
321 1566 346 1650 ¹)

239 1677 272 1756 y)
296 1671 514 1737 Erschius
538 1672 573 1735 in
596 1670 683 1735 libro
708 1671 766 1750 qui
789 1671 985 1736 inscribitur
1008 1666 1223 1752 Aligemeine
1242 1667 1308 1735 En·
1346 1668 1349 1674 '
1449 1658 1452 1663 ’

135 1780 342 1862 cyklopadie
358 1780 420 1845 der
431 1778 732 1844 wissenschaften
749 1779 819 1843 und
831 1777 966 1844 Kiinste
980 1779 1016 1842 in
1029 1778 1307 1858 alphabetischer

135 1886 278 1969 norges)
310 1886 355 1949 de
378 1886 554 1965 anaphora
577 1886 665 1949 haec
688 1887 846 1965 exponit:
879 1883 1073 1968 „libenfalls
1106 1900 1166 1948 um
1197 1883 1310 1950 Nach-

136 1995 243 2059 druck
266 2009 309 2058 zu
332 1994 455 2075 geben,
479 1986 628 2058 bedient'
643 2009 722 2057 man
746 1993 822 2058 sich
845 1993 934 2057 auch
951 1992 1012 2084 der
1031 1990 1312 2073 Wiederholung‚

134 2102 189 2166 die
213 2100 384 2165 demnach
406 2116 470 2163 nur
494 2100 538 2163 da
554 2100 791 2164 anzuwenden
807 2101 862 2181 ist,
885 2115 941 2164 wo
959 2116 1038 2164 man
1055 2098 1122 2163 den
1139 2096 1311 2164 Eindruck
1338 2180 1341 2187 Ι

137 2208 245 2272 durch
268 2205 472 2272 Nachdruck
496 2222 538 2271 zu
561 2207 766 2271 verstirken
790 2205 1023 2284 beabsichtigt
1045 2203 1116 2270 und
1145 2207 1212 2270 wie
1236 2206 1312 2270 sich

139 2315 249 2380 schon
281 2329 352 2379 von
384 2314 495 2379 selbst
525 2314 690 2393 versteht
723 2327 779 2375 wo
811 2310 886 2374 dies
921 2309 981 2373 der
1004 2309 1107 2374 Miihe
1139 2315 1225 2376 wert
1256 2313 1311 2377 ist.

137 2420 200 2485 Die
225 2423 318 2484 alten
341 2419 547 2483 Rhetoriker
569 2416 837 2481 unterschieden
863 2416 934 2480 drei
959 2414 1065 2480 Arten
1095 2417 1156 2481 der
1178 2415 1311 2486 Wider-

138 2526 299 2604 holung.“
334 2522 495 2604 Sequitur
512 2522 641 2602 aliquid
665 2522 709 2586 de
733 2521 1041 2602 conduplicatione.
1080 2521 1212 2588 Deinde
1235 2540 1311 2603 per·

137 2633 243 2713 gitur:
282 2629 559 2713 ,‚Anaphora,
593 2645 695 2694 wenn
730 2629 887 2694 mehrere
922 2628 1312 2710 aufeinanderfolgende

138 2737 240 2805 Saitae
256 2739 319 2803 mit
332 2739 534 2803 demselben
551 2735 670 2803 Worte
687 2738 771 2801 oder
784 2737 974 2819 denselben
985 2734 1127 2802 Worten
1143 2738 1313 2821 anheban,

138 2846 303 2911 wodurch
327 2844 389 2910 der
412 2843 580 2911 Gedanke
604 2845 679 2910 sich
702 2844 803 2910 tiefer
827 2844 1012 2927 einpragt.“
1049 2842 1176 2910 Contra
1199 2844 1314 2911 dican-

139 2955 221 3017 dum
246 2956 302 3017 est
317 2969 388 3016 non
406 2957 524 3031 patere
541 2953 599 3033 qui
622 2953 694 3036 fiat
714 2957 754 3016 ut
769 2952 864 3033 quod
881 2952 1089 3032 anaphorica
1105 2956 1162 3018 est
1178 2953 1316 3035 dictum,

140 3059 264 3121 melius
288 3058 395 3120 menti
419 3058 614 3123 adhaereat
660 3057 768 3123 Nemo
793 3061 895 3124 antea
922 3042 991 3124 hoc
1014 3060 1193 3125 contendit
1215 3065 1317 3126 eine

141 3163 399 3242 nunc-quidem
421 3164 456 3228 id
480 3166 693 3244 argumentis
718 3167 948 3231 confirmetur.
995 3163 1212 3248 Quamquam
1236 3184 1317 3234 con-

142 3269 229 3335 cedo
253 3286 336 3336 esse
360 3271 555 3350 anaphoras
579 3272 645 3336 hac
665 3273 791 3337 virtute
807 3273 991 3355 praeditas,
1015 3274 1079 3338 sed
1096 3290 1219 3340 omnes
1236 3291 1319 3341 esse

143 3377 337 3458 praefracte
360 3392 463 3458 nego.

252 3500 284 3583 11)
307 3500 624 3567 Volkmannus
655 3504 690 3568 in
722 3505 809 3569 libro
832 3505 1023 3569 rhetorices
1033 3507 1060 3590 ³)
1084 3505 1171 3570 haec
1193 3507 1318 3572 habet:

145 3607 225 3691 „Die
246 3607 518 3689 Wiederholung
535 3609 720 3673 desselben
737 3610 875 3676 Wortes
892 3627 948 3676 am
964 3610 1125 3691 Anfange
1149 3613 1321 3677 mehrerer

144 3713 553 3795 aufeinanderfolgender
576 3713 788 3796 Satzglieder
820 3719 947 3803 (κῶλα),
972 3720 1049 3783 eine
1073 3717 1184 3803 Fignr,
1214 3719 1320 3785 deren

254 3893 276 3954 ¹>
296 3894 330 3949 cf.
351 3892 467 3959 [sobech
488 3871 618 3949 Answahf
637 3911 686 3949 ans
705 3894 828 3950 Lobeclrs
848 3897 928 3952 ohad.
947 3897 1055 3963 Reden3
1074 3896 1247 3965 Herausgcg.
1268 3913 1321 3952 von

146 3985 243 4039 Albert
262 3984 391 4048 hehham,
410 3983 503 4039 Berlin
524 3984 601 4038 1865.

253 4071 277 4133 ²)
296 4072 456 4126 Bearbeitet
474 4073 531 4126 und
551 4073 774 4142 herausgagabcn
793 4091 847 4129 von
865 4074 891 4128 J.
912 4073 945 4128 G.
965 4074 1079 4139 (imber,
1099 4050 1222 4144 Leipzig,
1244 4076 1274 4129 lt,
1290 4080 1323 4131 11.

147 4161 303 4218 Broclrhaus
323 4160 402 4216 1846.

254 4248 279 4317 ³)
298 4249 432 4304 Rhetorik
452 4250 499 4305 der
524 4250 657 4307 Griechcn
684 4253 738 4306 und
766 4252 866 4309 homer
884 4251 909 4307 8.
929 4252 999 4308 Aufl.
1025 4252 1081 4308 bes.
1100 4269 1126 4307 v.
1148 4255 1176 4308 0.
1196 4256 1324 4309 Hammer

149 4339 217 4393 1901
236 4355 301 4410 pag.
320 4338 363 4394 44.

1186 4431 1219 4487 3*
