3052 4876
664 315 864 379 ..29-

181 498 348 580 ,repetitio
374 512 451 560 cum
475 497 582 561 verbo
607 510 714 573 saepe
737 492 864 571 incipio
888 494 977 557 uno‘
993 490 1197 573 Exemplum
1219 510 1239 558 a
1262 495 1352 574 prio-

181 608 275 670 ribus
299 619 370 667 non
394 603 575 681 discrepat.

288 733 327 812 p)
351 726 515 806 Aquila
547 725 809 809 Romanusll
843 742 945 805 porro
979 727 1023 789 de
1058 727 1234 806 anaphora
1266 727 1353 792 haec

179 839 302 901 habet:
328 829 565 917 ‘'Enuuupopli,
595 833 689 912 quod
712 834 856 897 relatum
882 837 1018 898 vocant.
1064 833 1137 898 Hac
1159 835 1273 915 figura
1296 836 1352 899 vel

179 942 460 1023 frequentissime
477 939 732 1004 Demosthenes
747 944 784 1004 'et
800 939 840 1003 Μ.
857 940 986 1005 Tullius
1004 944 1038 1005 et
1055 958 1177 1006 omnes
1195 945 1351 1008 oratores

182 1052 406 1115 vehementes
430 1051 579 1127 utuntur,
605 1048 745 1127 quando
770 1052 805 1112 et
828 1049 895 1127 ipsi
919 1049 1084 1112 commoti
1106 1048 1213 1112 videri
1230 1049 1352 1113 volunt

179 1161 214 1221 et
236 1158 385 1220 iudicem
410 1171 640 1220 commovere.
674 1152 819 1219 Constat
843 1158 958 1220 autem
984 1171 1029 1219 ex
1045 1171 1097 1236 eo,
1122 1155 1216 1234 quod
1229 1156 1350 1220 eadem

178 1280 259 1344 pars
284 1264 450 1327 orationis
476 1261 617 1340 saepius
642 1277 703 1340 per
719 1263 877 1341 singulos
895 1261 1045 1325 ambitus
1061 1266 1121 1324 aut
1136 1278 1197 1341 per
1214 1263 1351 1342 singula

179 1371 334 1433 membra
365 1370 535 1432 interdum
571 1369 673 1432 etiam
699 1369 839 1433 brevius
864 1384 925 1447 per
949 1384 1060 1451 caesa,
1089 1386 1179 1448 quae
1203 1369 1351 1450 κόμματα

180 1476 362 1558 appellant,
394 1475 560 1553 repetitur
591 1476 659 1538 hoc
691 1476 797 1538 modo
822 1524 829 1537 .
854 1524 861 1538 .
885 1524 892 1537 .
917 1478 968 1557 ,2l‘
1008 1474 1106 1541 Nova
1135 1480 1224 1561 sunt,
1254 1479 1348 1558 quod

179 1583 318 1646 occasio
343 1584 563 1659 monstratur,
588 1582 727 1660 quando
745 1583 872 1645 oratori
891 1584 1068 1662 anaphora
1085 1584 1130 1648 sit
1146 1585 1351 1664 adhihenda,

178 1691 214 1752 et
238 1689 331 1767 quod
355 1689 412 1752 illa
437 1687 666 1767 Hermogenis
691 1688 865 1752 distinctio
891 1694 1036 1770 augetur
1061 1708 1128 1755 una
1152 1695 1249 1771 parte

287 1818 318 1896 l)
343 1812 492 1877 lulius
516 1812 796 1877 Rufinianus
827 1821 882 1878 est
911 1817 1098 1893 proximus.
1146 1813 1207 1880 Cui
1232 1813 1350 1880 ἐπανα-

180 1918 277 2004 popm
302 1935 405 2000 quam
429 1922 646 1985 iterationem
670 1920 788 1986 Latine
812 1923 923 2001 vertit,
952 1925 1015 2003 est,
1049 1938 1127 1985 oum
1157 1924 1200 1987 ah
1225 1925 1350 1988 eodem

179 2031 285 2093 verbo
310 2030 426 2107 plures
450 2028 634 2093 inchoatae
658 2029 853 2093 sententiae
877 2029 1051 2108 incipiunt,
1075 2032 1131 2093 ut:
1164 2028 1227 2093 Hic
1246 2031 1348 2111 gelidi

176 2135 303 2215 fontes
327 2136 383 2198 hic
406 2136 524 2199 mollia
546 2138 645 2215 prata
669 2134 835 2219 Lycoriss)
869 2133 1080 2215 Sequuntur:
1104 2134 1350 2220 nonullos,

178 2241 301 2322 Georg.
325 2241 352 2305 ll
377 2239 488 2323 3221
512 2243 586 2320 289,
609 2240 693 2305 Aen.
717 2240 760 2305 ΙΙΙ
784 2241 858 2304 535.

283 2372 324 2449 θ)
348 2368 597 2432 Martianus
615 2365 799 2445 Capella
816 2366 965 2444 denique
983 2367 1026 2431 de
1042 2368 1228 2449 anaphora,
1246 2384 1349 2447 quarn

177 2474 295 2537 Latine
325 2474 529 2536 relationem
553 2473 665 2553 vertit,
696 2474 784 2536 haec
814 2472 967 2556 tradit:⁴)
999 2472 1152 2555 ,Relatio
1186 2476 1348 2554 quotiens

177 2597 238 2660 per
266 2581 403 2658 singula
434 2580 589 2643 membra
621 2579 743 2642 eadem
775 2595 854 2658 pars
888 2580 1054 2644 orationis
1086 2582 1252 2660 repetitur
1281 2583 1349 2648 hoc

176 2675 300 2753 modo:
334 2686 460 2751 Verres
494 2687 760 2750 calumniatores
785 2687 990 2766 apponebat,
1023 2686 1149 2752 Verres
1174 2689 1218 2753 de
1243 2705 1349 2754 causa

176 2795 420 2876 cognoscebat,
437 2791 580 2869 ,Verres
616 2791 877 2872 pronuntiabat?
912 2791 1071 2873 Aquilam
1096 2800 1239 2861 secutus
1263 2813 1344 2863 esse

175 2903 318 2967 videtur.
364 2899 511 2965 Restant

580 3133 615 3216 h)
640 3128 942 3199 Grammatici.

282 3289 501 3358 Grammatici
518 3292 626 3357 Latini
651 3310 774 3358 omnes
798 3294 890 3357 idem
907 3297 1023 3359 verbis
1047 3299 1181 3361 tantum
1207 3300 1347 3365 mutatis

175 3401 377 3465 docuerunt.

281 3512 313 3586 a)
337 3504 504 3570 Marius
536 3505 713 3570 Plotius
748 3509 792 3572 de
823 3507 1000 3586 anaphora
1031 3509 1103 3587 agit
1131 3510 1199 3573 hoc
1222 3513 1346 3576 modo:

174 3611 372 3696 ,Anaphora
386 3611 462 3694 est,
490 3612 610 3694 inquit,
636 3628 713 3675 cum
742 3615 835 3678 idem
861 3615 1003 3679 verbum
1027 3614 1062 3677 in
1086 3616 1251 3696 principio
1275 3620 1346 3682 tam

173 3720 304 3800 primae
337 3734 441 3797 quarn
474 3719 650 3783 secundae
681 3719 819 3798 ponitur
848 3721 1017 3801 dictionis
1041 3726 1096 3785 ut:
1128 3720 1223 3802 ,Nate
1247 3740 1346 3790 meae

173 3829 274 3909 vireS,
299 3842 378 3891 mea
401 3842 528 3906 magna
551 3827 709 3906 potentia
733 3827 887 3912 solus‘il

282 4007 303 4072 ¹)
325 4007 358 4061 H.
377 4009 420 4060 31.
440 4025 497 4076 cap.
514 4007 560 4063 34.

279 4094 303 4154 ²)
324 4097 455 4164 Exempla
473 4098 526 4150 iam
546 4098 617 4165 apud
637 4098 834 4166 Hermogenem
854 4098 1006 4153 attulimus.

279 4183 303 4248 ο)
322 4186 405 4254 Verg.
426 4184 481 4239 Ecl.
503 4188 543 4253 10,
563 4187 606 4242 42.

279 4272 303 4337 ⁴)
321 4275 403 4329 Halm
422 4291 485 4343 pag.
506 4274 568 4330 481.

278 4361 303 4431 δ)
322 4363 386 4419 Keil
405 4365 446 4420 VI
464 4363 526 4432 458,
545 4365 570 4418 7.
