<?xml version="1.0" encoding="UTF-8"?>
<!DOCTYPE html PUBLIC "-//W3C//DTD XHTML 1.0 Transitional//EN"
    "http://www.w3.org/TR/xhtml1/DTD/xhtml1-transitional.dtd">
<html xmlns="http://www.w3.org/1999/xhtml" xml:lang="en" lang="en">
 <head>
  <title>
</title>
<meta http-equiv="Content-Type" content="text/html;charset=utf-8" />
  <meta name='ocr-system' content='tesseract 3.04.00' />
  <meta name='ocr-capabilities' content='ocr_page ocr_carea ocr_par ocr_line ocrx_word'/>
</head>
<body>
  <div class='ocr_page' id='page_1' title='image "./deanaphorainexe00ottogoog_0053.png"; bbox 0 0 3054 4898; ppageno 0'>
   <div class='ocr_carea' id='block_1_1' title="bbox 724 258 923 321">
    <p class='ocr_par' dir='ltr' id='par_1_1' title="bbox 724 258 923 321">
     <span class='ocr_line' id='line_1_1' title="bbox 724 258 923 321; baseline 0.005 -18"><span class='ocrx_word' id='word_1_1' title='bbox 724 258 923 321; x_wconf 50' lang='lat'>„46-</span> 
     </span>
    </p>
   </div>
   <div class='ocr_carea' id='block_1_2' title="bbox 238 434 1421 1157">
    <p class='ocr_par' dir='ltr' id='par_1_2' title="bbox 238 434 1421 1157">
     <span class='ocr_line' id='line_1_2' title="bbox 239 434 1414 517; baseline -0.002 -18"><span class='ocrx_word' id='word_1_2' title='bbox 239 435 361 514; x_wconf 92' lang='lat' dir='ltr'>partim</span> <span class='ocrx_word' id='word_1_3' title='bbox 380 435 569 517; x_wconf 88' lang='lat' dir='ltr'>-partim,</span> <span class='ocrx_word' id='word_1_4' title='bbox 593 434 733 499; x_wconf 76' lang='lat' dir='ltr'>alter-</span> <span class='ocrx_word' id='word_1_5' title='bbox 752 436 846 515; x_wconf 89' lang='lat' dir='ltr'>alter,</span> <span class='ocrx_word' id='word_1_6' title='bbox 870 434 958 498; x_wconf 89' lang='lat' dir='ltr'>alius</span> <span class='ocrx_word' id='word_1_7' title='bbox 975 472 1011 479; x_wconf 90' lang='lat'>-</span> <span class='ocrx_word' id='word_1_8' title='bbox 1028 434 1126 514; x_wconf 88' lang='lat' dir='ltr'>alius,</span> <span class='ocrx_word' id='word_1_9' title='bbox 1149 450 1229 513; x_wconf 91' lang='lat' dir='ltr'>pars</span> <span class='ocrx_word' id='word_1_10' title='bbox 1254 472 1295 479; x_wconf 81' lang='grc'>-</span> <span class='ocrx_word' id='word_1_11' title='bbox 1320 448 1414 512; x_wconf 84' lang='lat' dir='ltr'>pars,</span> 
     </span>
     <span class='ocr_line' id='line_1_3' title="bbox 240 538 1417 622; baseline -0.003 -16"><span class='ocrx_word' id='word_1_12' title='bbox 240 557 330 622; x_wconf 90' lang='lat' dir='ltr'>quae</span> <span class='ocrx_word' id='word_1_13' title='bbox 353 542 425 604; x_wconf 94' lang='lat' dir='ltr'>vim</span> <span class='ocrx_word' id='word_1_14' title='bbox 440 542 571 606; x_wconf 89' lang='lat' dir='ltr'>babent</span> <span class='ocrx_word' id='word_1_15' title='bbox 587 542 834 622; x_wconf 85' lang='lat' dir='ltr'>correlativam,</span> <span class='ocrx_word' id='word_1_16' title='bbox 858 541 971 605; x_wconf 83' lang='lat' dir='ltr'>locum</span> <span class='ocrx_word' id='word_1_17' title='bbox 989 557 1060 605; x_wconf 94' lang='lat' dir='ltr'>non</span> <span class='ocrx_word' id='word_1_18' title='bbox 1084 541 1252 605; x_wconf 85' lang='lat' dir='ltr'><strong>dabimus.</strong></span> <span class='ocrx_word' id='word_1_19' title='bbox 1280 538 1417 603; x_wconf 85' lang='lat' dir='ltr'>Deinde</span> 
     </span>
     <span class='ocr_line' id='line_1_4' title="bbox 238 647 1418 731; baseline -0.003 -18"><span class='ocrx_word' id='word_1_20' title='bbox 238 649 463 730; x_wconf 85' lang='lat' dir='ltr'>repetitiones</span> <span class='ocrx_word' id='word_1_21' title='bbox 497 664 615 714; x_wconf 90' lang='lat' dir='ltr'>earum</span> <span class='ocrx_word' id='word_1_22' title='bbox 648 649 905 731; x_wconf 87' lang='lat' dir='ltr'>particularum,</span> <span class='ocrx_word' id='word_1_23' title='bbox 941 665 1031 729; x_wconf 89' lang='lat' dir='ltr'>quae</span> <span class='ocrx_word' id='word_1_24' title='bbox 1063 649 1169 713; x_wconf 90' lang='lat' dir='ltr'>modo</span> <span class='ocrx_word' id='word_1_25' title='bbox 1201 647 1418 726; x_wconf 75' lang='lat' dir='ltr'><strong>anaphoram</strong></span> 
     </span>
     <span class='ocr_line' id='line_1_5' title="bbox 242 754 1419 838; baseline -0.003 -17"><span class='ocrx_word' id='word_1_26' title='bbox 242 755 409 838; x_wconf 84' lang='lat' dir='ltr'>eiiioiunt,</span> <span class='ocrx_word' id='word_1_27' title='bbox 433 757 539 820; x_wconf 90' lang='lat' dir='ltr'>modo</span> <span class='ocrx_word' id='word_1_28' title='bbox 556 757 627 821; x_wconf 90' lang='lat' dir='ltr'>vim</span> <span class='ocrx_word' id='word_1_29' title='bbox 654 757 892 821; x_wconf 85' lang='lat' dir='ltr'>correlativam</span> <span class='ocrx_word' id='word_1_30' title='bbox 919 757 1057 838; x_wconf 88' lang='lat' dir='ltr'>habent,</span> <span class='ocrx_word' id='word_1_31' title='bbox 1080 771 1151 819; x_wconf 93' lang='lat' dir='ltr'>non</span> <span class='ocrx_word' id='word_1_32' title='bbox 1179 754 1419 833; x_wconf 82' lang='lat' dir='ltr'>respiciemur,</span> 
     </span>
     <span class='ocr_line' id='line_1_6' title="bbox 240 859 1420 943; baseline -0.003 -17"><span class='ocrx_word' id='word_1_33' title='bbox 240 864 306 927; x_wconf 94' lang='lat' dir='ltr'>nisi</span> <span class='ocrx_word' id='word_1_34' title='bbox 343 863 424 942; x_wconf 90' lang='lat' dir='ltr'>quid</span> <span class='ocrx_word' id='word_1_35' title='bbox 464 864 509 927; x_wconf 90' lang='lat' dir='ltr'>ad</span> <span class='ocrx_word' id='word_1_36' title='bbox 554 864 766 943; x_wconf 87' lang='lat' dir='ltr'><strong>anaphoram</strong></span> <span class='ocrx_word' id='word_1_37' title='bbox 800 878 922 926; x_wconf 89' lang='lat' dir='ltr'>revera</span> <span class='ocrx_word' id='word_1_38' title='bbox 956 863 1183 943; x_wconf 89' lang='lat' dir='ltr'>pertinebunt</span> <span class='ocrx_word' id='word_1_39' title='bbox 1240 859 1342 936; x_wconf 85' lang='lat' dir='ltr'>Quod</span> <span class='ocrx_word' id='word_1_40' title='bbox 1377 863 1420 924; x_wconf 94' lang='lat' dir='ltr'>ut</span> 
     </span>
     <span class='ocr_line' id='line_1_7' title="bbox 240 968 1421 1052; baseline -0.001 -20"><span class='ocrx_word' id='word_1_41' title='bbox 240 969 375 1035; x_wconf 75' lang='lat' dir='ltr'>facilius</span> <span class='ocrx_word' id='word_1_42' title='bbox 396 971 624 1052; x_wconf 87' lang='lat' dir='ltr'>intellegatur,</span> <span class='ocrx_word' id='word_1_43' title='bbox 642 971 739 1035; x_wconf 85' lang='lat' dir='ltr'>bisce</span> <span class='ocrx_word' id='word_1_44' title='bbox 760 970 928 1049; x_wconf 87' lang='lat' dir='ltr'>exemplis</span> <span class='ocrx_word' id='word_1_45' title='bbox 949 973 1034 1034; x_wconf 89' lang='lat' dir='ltr'>utar.</span> <span class='ocrx_word' id='word_1_46' title='bbox 1073 968 1151 1034; x_wconf 91' lang='lat' dir='ltr'>Vim</span> <span class='ocrx_word' id='word_1_47' title='bbox 1174 968 1421 1033; x_wconf 87' lang='lat' dir='ltr'>oomelativam</span> 
     </span>
     <span class='ocr_line' id='line_1_8' title="bbox 240 1073 917 1157; baseline 0 -16"><span class='ocrx_word' id='word_1_48' title='bbox 240 1078 370 1143; x_wconf 86' lang='lat' dir='ltr'>babent</span> <span class='ocrx_word' id='word_1_49' title='bbox 392 1078 634 1157; x_wconf 87' lang='lat' dir='ltr'>repetitiones:</span> <span class='ocrx_word' id='word_1_50' title='bbox 914 1073 917 1077; x_wconf 75' lang='grc'><em>’</em></span> 
     </span>
    </p>
   </div>
   <div class='ocr_carea' id='block_1_3' title="bbox 347 1198 740 1282">
    <p class='ocr_par' dir='ltr' id='par_1_3' title="bbox 347 1198 740 1282">
     <span class='ocr_line' id='line_1_9' title="bbox 347 1198 740 1282; baseline -0.008 -15"><span class='ocrx_word' id='word_1_51' title='bbox 347 1201 449 1282; x_wconf 87' lang='lat' dir='ltr'>Verg.</span> <span class='ocrx_word' id='word_1_52' title='bbox 474 1198 598 1282; x_wconf 89' lang='lat' dir='ltr'>Georg.</span> <span class='ocrx_word' id='word_1_53' title='bbox 621 1201 636 1266; x_wconf 93' lang='grc' dir='ltr'>Ι</span> <span class='ocrx_word' id='word_1_54' title='bbox 660 1202 740 1267; x_wconf 82' lang='lat'>334:</span> 
     </span>
    </p>
   </div>
   <div class='ocr_carea' id='block_1_4' title="bbox 243 1316 1306 1502">
    <p class='ocr_par' dir='ltr' id='par_1_4' title="bbox 243 1316 1306 1502">
     <span class='ocr_line' id='line_1_10' title="bbox 285 1316 1306 1399; baseline -0.002 -18"><span class='ocrx_word' id='word_1_55' title='bbox 285 1316 407 1381; x_wconf 87' lang='lat' dir='ltr'>Nunc</span> <span class='ocrx_word' id='word_1_56' title='bbox 430 1333 573 1382; x_wconf 89' lang='lat' dir='ltr'>nemora</span> <span class='ocrx_word' id='word_1_57' title='bbox 596 1317 727 1398; x_wconf 84' lang='lat' dir='ltr'>ingenti</span> <span class='ocrx_word' id='word_1_58' title='bbox 751 1320 868 1399; x_wconf 90' lang='lat' dir='ltr'>vento,</span> <span class='ocrx_word' id='word_1_59' title='bbox 891 1333 1007 1382; x_wconf 86' lang='lat' dir='ltr'>nuno</span> <span class='ocrx_word' id='word_1_60' title='bbox 1028 1318 1128 1381; x_wconf 91' lang='lat' dir='ltr'>litora</span> <span class='ocrx_word' id='word_1_61' title='bbox 1152 1319 1306 1396; x_wconf 88' lang='lat' dir='ltr'>tangunt.</span> 
     </span>
     <span class='ocr_line' id='line_1_11' title="bbox 243 1424 950 1502; baseline 0 -15"><span class='ocrx_word' id='word_1_62' title='bbox 243 1424 449 1502; x_wconf 90' lang='lat' dir='ltr'>Anaphorae</span> <span class='ocrx_word' id='word_1_63' title='bbox 474 1427 590 1489; x_wconf 91' lang='lat' dir='ltr'>autem</span> <span class='ocrx_word' id='word_1_64' title='bbox 613 1425 667 1489; x_wconf 85' lang='lat' dir='ltr'>vis</span> <span class='ocrx_word' id='word_1_65' title='bbox 692 1425 805 1488; x_wconf 93' lang='lat' dir='ltr'>estin</span> <span class='ocrx_word' id='word_1_66' title='bbox 830 1441 950 1489; x_wconf 91' lang='lat' dir='ltr'>versu:</span> 
     </span>
    </p>
   </div>
   <div class='ocr_carea' id='block_1_5' title="bbox 350 1545 616 1629">
    <p class='ocr_par' dir='ltr' id='par_1_5' title="bbox 350 1545 616 1629">
     <span class='ocr_line' id='line_1_12' title="bbox 350 1545 616 1629; baseline 0 -15"><span class='ocrx_word' id='word_1_67' title='bbox 350 1545 474 1629; x_wconf 89' lang='lat' dir='ltr'>Georg.</span> <span class='ocrx_word' id='word_1_68' title='bbox 497 1548 512 1613; x_wconf 93' lang='grc' dir='ltr'>Ι</span> <span class='ocrx_word' id='word_1_69' title='bbox 536 1549 616 1614; x_wconf 87' lang='lat'><strong>386:</strong></span> 
     </span>
    </p>
   </div>
   <div class='ocr_carea' id='block_1_6' title="bbox 287 1661 1341 1852">
    <p class='ocr_par' dir='ltr' id='par_1_6' title="bbox 287 1661 1341 1852">
     <span class='ocr_line' id='line_1_13' title="bbox 288 1661 1341 1747; baseline 0 -19"><span class='ocrx_word' id='word_1_70' title='bbox 288 1661 401 1729; x_wconf 86' lang='lat' dir='ltr'>Nunc</span> <span class='ocrx_word' id='word_1_71' title='bbox 424 1667 528 1745; x_wconf 82' lang='lat' dir='ltr'>eaput</span> <span class='ocrx_word' id='word_1_72' title='bbox 551 1666 726 1730; x_wconf 84' lang='lat' dir='ltr'>obiectare</span> <span class='ocrx_word' id='word_1_73' title='bbox 748 1666 856 1747; x_wconf 85' lang='lat' dir='ltr'>fretis,</span> <span class='ocrx_word' id='word_1_74' title='bbox 880 1683 987 1731; x_wconf 83' lang='lat' dir='ltr'>nunc</span> <span class='ocrx_word' id='word_1_75' title='bbox 1011 1680 1145 1730; x_wconf 79' lang='lat' dir='ltr'>currere</span> <span class='ocrx_word' id='word_1_76' title='bbox 1168 1665 1203 1727; x_wconf 95' lang='lat' dir='ltr'>in</span> <span class='ocrx_word' id='word_1_77' title='bbox 1228 1665 1341 1728; x_wconf 91' lang='lat' dir='ltr'>undas</span> 
     </span>
     <span class='ocr_line' id='line_1_14' title="bbox 287 1769 1141 1852; baseline 0.001 -18"><span class='ocrx_word' id='word_1_78' title='bbox 287 1769 329 1835; x_wconf 90' lang='lat' dir='ltr'>Et</span> <span class='ocrx_word' id='word_1_79' title='bbox 353 1771 471 1837; x_wconf 90' lang='lat' dir='ltr'>studio</span> <span class='ocrx_word' id='word_1_80' title='bbox 496 1773 672 1836; x_wconf 87' lang='lat' dir='ltr'>incassum</span> <span class='ocrx_word' id='word_1_81' title='bbox 697 1773 817 1837; x_wconf 86' lang='lat' dir='ltr'>videas</span> <span class='ocrx_word' id='word_1_82' title='bbox 841 1775 971 1852; x_wconf 86' lang='lat' dir='ltr'>gestire</span> <span class='ocrx_word' id='word_1_83' title='bbox 995 1773 1141 1838; x_wconf 88' lang='lat' dir='ltr'>lavandi.</span> 
     </span>
    </p>
   </div>
   <div class='ocr_carea' id='block_1_7' title="bbox 244 1894 714 1976">
    <p class='ocr_par' dir='ltr' id='par_1_7' title="bbox 244 1894 714 1976">
     <span class='ocr_line' id='line_1_15' title="bbox 244 1894 714 1976; baseline 0.002 -16"><span class='ocrx_word' id='word_1_84' title='bbox 244 1894 309 1960; x_wconf 89' lang='lat' dir='ltr'>Vel</span> <span class='ocrx_word' id='word_1_85' title='bbox 332 1895 434 1976; x_wconf 89' lang='lat' dir='ltr'>Verg.</span> <span class='ocrx_word' id='word_1_86' title='bbox 457 1895 541 1961; x_wconf 87' lang='lat' dir='ltr'>Aen.</span> <span class='ocrx_word' id='word_1_87' title='bbox 565 1896 608 1961; x_wconf 93' lang='lat' dir='ltr'>lll</span> <span class='ocrx_word' id='word_1_88' title='bbox 631 1898 714 1961; x_wconf 81' lang='lat'><strong>566:</strong></span> 
     </span>
    </p>
   </div>
   <div class='ocr_carea' id='block_1_8' title="bbox 288 2010 1196 2200">
    <p class='ocr_par' dir='ltr' id='par_1_8' title="bbox 288 2010 1196 2200">
     <span class='ocr_line' id='line_1_16' title="bbox 288 2010 1196 2097; baseline 0.004 -22"><span class='ocrx_word' id='word_1_89' title='bbox 288 2010 369 2076; x_wconf 91' lang='lat' dir='ltr'>lam</span> <span class='ocrx_word' id='word_1_90' title='bbox 392 2028 487 2076; x_wconf 89' lang='lat' dir='ltr'>mare</span> <span class='ocrx_word' id='word_1_91' title='bbox 510 2013 638 2077; x_wconf 87' lang='lat' dir='ltr'>turbari</span> <span class='ocrx_word' id='word_1_92' title='bbox 662 2014 816 2077; x_wconf 87' lang='lat' dir='ltr'>trabibus</span> <span class='ocrx_word' id='word_1_93' title='bbox 841 2029 1038 2097; x_wconf 89' lang='lat' dir='ltr'>saevasque</span> <span class='ocrx_word' id='word_1_94' title='bbox 1062 2015 1196 2080; x_wconf 88' lang='lat' dir='ltr'>videbis</span> 
     </span>
     <span class='ocr_line' id='line_1_17' title="bbox 290 2115 1183 2200; baseline 0.003 -17"><span class='ocrx_word' id='word_1_95' title='bbox 290 2115 478 2183; x_wconf 86' lang='lat' dir='ltr'>Conluoere</span> <span class='ocrx_word' id='word_1_96' title='bbox 500 2118 607 2200; x_wconf 85' lang='lat' dir='ltr'>faces,</span> <span class='ocrx_word' id='word_1_97' title='bbox 631 2121 718 2184; x_wconf 89' lang='lat' dir='ltr'>iam</span> <span class='ocrx_word' id='word_1_98' title='bbox 741 2120 877 2184; x_wconf 84' lang='lat' dir='ltr'>fervere</span> <span class='ocrx_word' id='word_1_99' title='bbox 900 2122 1001 2185; x_wconf 92' lang='lat' dir='ltr'>litora</span> <span class='ocrx_word' id='word_1_100' title='bbox 1023 2121 1183 2186; x_wconf 90' lang='lat' dir='ltr'>llamrnis.</span> 
     </span>
    </p>
   </div>
   <div class='ocr_carea' id='block_1_9' title="bbox 288 2242 1260 2648">
    <p class='ocr_par' dir='ltr' id='par_1_9' title="bbox 288 2242 1260 2648">
     <span class='ocr_line' id='line_1_18' title="bbox 352 2242 774 2310; baseline 0.005 -2"><span class='ocrx_word' id='word_1_101' title='bbox 352 2242 448 2308; x_wconf 92' lang='lat' dir='ltr'>Ovid.</span> <span class='ocrx_word' id='word_1_102' title='bbox 472 2242 607 2309; x_wconf 89' lang='lat' dir='ltr'>Metam.</span> <span class='ocrx_word' id='word_1_103' title='bbox 630 2243 690 2308; x_wconf 90' lang='lat' dir='ltr'>Xll</span> <span class='ocrx_word' id='word_1_104' title='bbox 714 2247 774 2310; x_wconf 80' lang='lat'>71:</span> 
     </span>
     <span class='ocr_line' id='line_1_19' title="bbox 791 2351 1256 2434; baseline 0.002 -19"><span class='ocrx_word' id='word_1_105' title='bbox 791 2351 934 2418; x_wconf 82' lang='lat' dir='ltr'>Etiam</span> <span class='ocrx_word' id='word_1_106' title='bbox 960 2351 1062 2434; x_wconf 85' lang='lat' dir='ltr'>Sigea</span> <span class='ocrx_word' id='word_1_107' title='bbox 1086 2354 1256 2417; x_wconf 89' lang='lat' dir='ltr'>rubebant</span> 
     </span>
     <span class='ocr_line' id='line_1_20' title="bbox 288 2457 1103 2541; baseline 0.005 -19"><span class='ocrx_word' id='word_1_108' title='bbox 288 2458 410 2540; x_wconf 88' lang='lat' dir='ltr'>Litora,</span> <span class='ocrx_word' id='word_1_109' title='bbox 434 2457 512 2523; x_wconf 89' lang='lat' dir='ltr'>iam</span> <span class='ocrx_word' id='word_1_110' title='bbox 538 2459 608 2523; x_wconf 92' lang='lat' dir='ltr'>leto</span> <span class='ocrx_word' id='word_1_111' title='bbox 633 2460 748 2539; x_wconf 91' lang='lat' dir='ltr'>proles</span> <span class='ocrx_word' id='word_1_112' title='bbox 772 2459 943 2538; x_wconf 86' lang='lat' dir='ltr'>Neptunia</span> <span class='ocrx_word' id='word_1_113' title='bbox 966 2458 1103 2541; x_wconf 82' lang='lat' dir='ltr'>cycnos</span> 
     </span>
     <span class='ocr_line' id='line_1_21' title="bbox 288 2565 1260 2648; baseline 0.002 -19"><span class='ocrx_word' id='word_1_114' title='bbox 288 2565 379 2629; x_wconf 93' lang='lat' dir='ltr'>Mille</span> <span class='ocrx_word' id='word_1_115' title='bbox 403 2566 497 2630; x_wconf 90' lang='lat' dir='ltr'>viros</span> <span class='ocrx_word' id='word_1_116' title='bbox 522 2566 673 2648; x_wconf 87' lang='lat' dir='ltr'>dederat,</span> <span class='ocrx_word' id='word_1_117' title='bbox 696 2566 775 2632; x_wconf 89' lang='lat' dir='ltr'>iam</span> <span class='ocrx_word' id='word_1_118' title='bbox 801 2584 900 2631; x_wconf 87' lang='lat' dir='ltr'>curru</span> <span class='ocrx_word' id='word_1_119' title='bbox 924 2569 1077 2632; x_wconf 86' lang='lat' dir='ltr'>instabat</span> <span class='ocrx_word' id='word_1_120' title='bbox 1101 2567 1260 2632; x_wconf 84' lang='lat' dir='ltr'>Achilles.</span> 
     </span>
    </p>
   </div>
   <div class='ocr_carea' id='block_1_10' title="bbox 245 2689 1316 2987">
    <p class='ocr_par' dir='ltr' id='par_1_10' title="bbox 245 2689 1316 2987">
     <span class='ocr_line' id='line_1_22' title="bbox 245 2689 747 2771; baseline 0 -17"><span class='ocrx_word' id='word_1_121' title='bbox 245 2690 310 2754; x_wconf 92' lang='lat' dir='ltr'>Vel</span> <span class='ocrx_word' id='word_1_122' title='bbox 337 2689 438 2771; x_wconf 89' lang='lat' dir='ltr'>Verg.</span> <span class='ocrx_word' id='word_1_123' title='bbox 462 2691 545 2756; x_wconf 89' lang='lat' dir='ltr'>Aen.</span> <span class='ocrx_word' id='word_1_124' title='bbox 569 2691 643 2756; x_wconf 93' lang='lat' dir='ltr'>Vlll</span> <span class='ocrx_word' id='word_1_125' title='bbox 666 2693 747 2756; x_wconf 81' lang='lat'>473:</span> 
     </span>
     <span class='ocr_line' id='line_1_23' title="bbox 682 2798 1258 2881; baseline 0.005 -20"><span class='ocrx_word' id='word_1_126' title='bbox 682 2798 784 2862; x_wconf 85' lang='lat' dir='ltr'>binc</span> <span class='ocrx_word' id='word_1_127' title='bbox 807 2798 919 2863; x_wconf 84' lang='lat' dir='ltr'>Tusco</span> <span class='ocrx_word' id='word_1_128' title='bbox 945 2799 1134 2863; x_wconf 82' lang='lat' dir='ltr'>claudimur</span> <span class='ocrx_word' id='word_1_129' title='bbox 1157 2801 1258 2881; x_wconf 91' lang='lat' dir='ltr'>amni,</span> 
     </span>
     <span class='ocr_line' id='line_1_24' title="bbox 290 2903 1316 2987; baseline 0.003 -19"><span class='ocrx_word' id='word_1_130' title='bbox 290 2903 391 2969; x_wconf 86' lang='lat' dir='ltr'>Hinc</span> <span class='ocrx_word' id='word_1_131' title='bbox 413 2903 561 2968; x_wconf 89' lang='lat' dir='ltr'>Rutulus</span> <span class='ocrx_word' id='word_1_132' title='bbox 585 2905 709 2987; x_wconf 89' lang='lat' dir='ltr'>premit</span> <span class='ocrx_word' id='word_1_133' title='bbox 732 2909 767 2969; x_wconf 91' lang='lat' dir='ltr'>et</span> <span class='ocrx_word' id='word_1_134' title='bbox 790 2922 924 2970; x_wconf 93' lang='lat' dir='ltr'>murum</span> <span class='ocrx_word' id='word_1_135' title='bbox 949 2907 1179 2972; x_wconf 84' lang='lat' dir='ltr'>circumsonat</span> <span class='ocrx_word' id='word_1_136' title='bbox 1202 2908 1316 2972; x_wconf 88' lang='lat' dir='ltr'>armis.</span> 
     </span>
    </p>
   </div>
   <div class='ocr_carea' id='block_1_11' title="bbox 353 3027 733 3108">
    <p class='ocr_par' dir='ltr' id='par_1_11' title="bbox 353 3027 733 3108">
     <span class='ocr_line' id='line_1_25' title="bbox 353 3027 733 3108; baseline 0.003 -15"><span class='ocrx_word' id='word_1_137' title='bbox 353 3029 456 3108; x_wconf 89' lang='lat' dir='ltr'>Verg.</span> <span class='ocrx_word' id='word_1_138' title='bbox 479 3028 563 3093; x_wconf 89' lang='lat' dir='ltr'>Aen.</span> <span class='ocrx_word' id='word_1_139' title='bbox 586 3027 629 3093; x_wconf 90' lang='grc' dir='ltr'>ΙΙΙ</span> <span class='ocrx_word' id='word_1_140' title='bbox 655 3031 733 3094; x_wconf 84' lang='grc'><strong>111;</strong></span> 
     </span>
    </p>
   </div>
   <div class='ocr_carea' id='block_1_12' title="bbox 291 3133 1277 3326">
    <p class='ocr_par' dir='ltr' id='par_1_12' title="bbox 291 3133 1277 3326">
     <span class='ocr_line' id='line_1_26' title="bbox 293 3133 1277 3219; baseline 0.004 -19"><span class='ocrx_word' id='word_1_141' title='bbox 293 3134 394 3200; x_wconf 82' lang='lat' dir='ltr'>ilinc</span> <span class='ocrx_word' id='word_1_142' title='bbox 416 3139 527 3200; x_wconf 90' lang='lat' dir='ltr'>mater</span> <span class='ocrx_word' id='word_1_143' title='bbox 550 3136 672 3201; x_wconf 88' lang='lat' dir='ltr'>cultrix</span> <span class='ocrx_word' id='word_1_144' title='bbox 695 3133 847 3218; x_wconf 87' lang='lat' dir='ltr'>Cybelae</span> <span class='ocrx_word' id='word_1_145' title='bbox 870 3137 1173 3219; x_wconf 87' lang='lat' dir='ltr'>Corybantbiaque</span> <span class='ocrx_word' id='word_1_146' title='bbox 1197 3156 1277 3204; x_wconf 90' lang='lat' dir='ltr'>aera</span> 
     </span>
     <span class='ocr_line' id='line_1_27' title="bbox 291 3242 1170 3326; baseline 0.001 -19"><span class='ocrx_word' id='word_1_147' title='bbox 291 3242 502 3324; x_wconf 87' lang='lat' dir='ltr'>Idaeumque</span> <span class='ocrx_word' id='word_1_148' title='bbox 524 3259 659 3326; x_wconf 88' lang='lat' dir='ltr'>nemus,</span> <span class='ocrx_word' id='word_1_149' title='bbox 683 3243 775 3310; x_wconf 86' lang='lat' dir='ltr'>binc</span> <span class='ocrx_word' id='word_1_150' title='bbox 798 3245 870 3309; x_wconf 88' lang='lat' dir='ltr'>lida</span> <span class='ocrx_word' id='word_1_151' title='bbox 893 3246 1030 3311; x_wconf 89' lang='lat' dir='ltr'>silentia</span> <span class='ocrx_word' id='word_1_152' title='bbox 1053 3247 1170 3310; x_wconf 80' lang='lat' dir='ltr'>sacris,</span> 
     </span>
    </p>
   </div>
   <div class='ocr_carea' id='block_1_13' title="bbox 247 3366 1318 3767">
    <p class='ocr_par' dir='ltr' id='par_1_13' title="bbox 247 3366 1318 3767">
     <span class='ocr_line' id='line_1_28' title="bbox 247 3366 734 3449; baseline 0 -17"><span class='ocrx_word' id='word_1_153' title='bbox 247 3366 312 3432; x_wconf 89' lang='lat' dir='ltr'>Vel</span> <span class='ocrx_word' id='word_1_154' title='bbox 334 3367 436 3449; x_wconf 91' lang='lat' dir='ltr'>Verg.</span> <span class='ocrx_word' id='word_1_155' title='bbox 460 3366 544 3432; x_wconf 89' lang='lat' dir='ltr'>Aen.</span> <span class='ocrx_word' id='word_1_156' title='bbox 567 3366 628 3432; x_wconf 93' lang='lat' dir='ltr'>VII</span> <span class='ocrx_word' id='word_1_157' title='bbox 652 3370 734 3433; x_wconf 80' lang='lat'><strong>712:</strong></span> 
     </span>
     <span class='ocr_line' id='line_1_29' title="bbox 292 3472 1229 3559; baseline -0.001 -18"><span class='ocrx_word' id='word_1_158' title='bbox 292 3472 366 3551; x_wconf 85' lang='lat' dir='ltr'>Qui</span> <span class='ocrx_word' id='word_1_159' title='bbox 390 3473 596 3540; x_wconf 90' lang='lat' dir='ltr'>Nomentum</span> <span class='ocrx_word' id='word_1_160' title='bbox 621 3477 750 3558; x_wconf 91' lang='lat' dir='ltr'>urbem,</span> <span class='ocrx_word' id='word_1_161' title='bbox 774 3477 841 3559; x_wconf 85' lang='lat' dir='ltr'>qui</span> <span class='ocrx_word' id='word_1_162' title='bbox 866 3475 983 3542; x_wconf 88' lang='lat' dir='ltr'>Rosea</span> <span class='ocrx_word' id='word_1_163' title='bbox 1005 3493 1084 3541; x_wconf 90' lang='lat' dir='ltr'>rura</span> <span class='ocrx_word' id='word_1_164' title='bbox 1107 3476 1229 3558; x_wconf 91' lang='lat' dir='ltr'>Velini,</span> 
     </span>
     <span class='ocr_line' id='line_1_30' title="bbox 292 3579 1318 3663; baseline 0 -19"><span class='ocrx_word' id='word_1_165' title='bbox 292 3579 374 3657; x_wconf 82' lang='lat' dir='ltr'>Qui</span> <span class='ocrx_word' id='word_1_166' title='bbox 396 3580 549 3646; x_wconf 83' lang='lat' dir='ltr'>Tetricae</span> <span class='ocrx_word' id='word_1_167' title='bbox 571 3582 753 3646; x_wconf 83' lang='lat' dir='ltr'>humentes</span> <span class='ocrx_word' id='word_1_168' title='bbox 776 3599 881 3662; x_wconf 88' lang='lat' dir='ltr'>rupes</span> <span class='ocrx_word' id='word_1_169' title='bbox 904 3586 1129 3663; x_wconf 89' lang='lat' dir='ltr'>montemque</span> <span class='ocrx_word' id='word_1_170' title='bbox 1153 3582 1318 3649; x_wconf 91' lang='lat' dir='ltr'>Severum</span> 
     </span>
     <span class='ocr_line' id='line_1_31' title="bbox 294 3685 712 3767; baseline -0.002 -14"><span class='ocrx_word' id='word_1_171' title='bbox 294 3685 561 3767; x_wconf 87' lang='lat' dir='ltr'>Casperiamque</span> <span class='ocrx_word' id='word_1_172' title='bbox 586 3687 712 3752; x_wconf 87' lang='lat' dir='ltr'>colunt.</span> 
     </span>
    </p>
   </div>
   <div class='ocr_carea' id='block_1_14' title="bbox 292 3810 1258 4112">
    <p class='ocr_par' dir='ltr' id='par_1_14' title="bbox 292 3810 1258 4112">
     <span class='ocr_line' id='line_1_32' title="bbox 355 3810 732 3893; baseline -0.003 -14"><span class='ocrx_word' id='word_1_173' title='bbox 355 3812 457 3893; x_wconf 89' lang='lat' dir='ltr'>Verg.</span> <span class='ocrx_word' id='word_1_174' title='bbox 480 3810 564 3876; x_wconf 85' lang='lat' dir='ltr'>Aen.</span> <span class='ocrx_word' id='word_1_175' title='bbox 588 3811 631 3876; x_wconf 86' lang='grc' dir='ltr'>ΙΙΙ</span> <span class='ocrx_word' id='word_1_176' title='bbox 655 3812 732 3878; x_wconf 88' lang='lat'><strong>253:</strong></span> 
     </span>
     <span class='ocr_line' id='line_1_33' title="bbox 292 3919 1258 4006; baseline 0.002 -22"><span class='ocrx_word' id='word_1_177' title='bbox 292 3919 495 4002; x_wconf 83' lang='lat' dir='ltr'>Troiugena,</span> <span class='ocrx_word' id='word_1_178' title='bbox 517 3921 688 4003; x_wconf 90' lang='lat' dir='ltr'>interpres</span> <span class='ocrx_word' id='word_1_179' title='bbox 713 3921 841 4004; x_wconf 92' lang='lat' dir='ltr'>divum,</span> <span class='ocrx_word' id='word_1_180' title='bbox 865 3921 931 4005; x_wconf 92' lang='lat' dir='ltr'>qui</span> <span class='ocrx_word' id='word_1_181' title='bbox 956 3923 1097 3987; x_wconf 90' lang='lat' dir='ltr'>numina</span> <span class='ocrx_word' id='word_1_182' title='bbox 1119 3923 1258 4006; x_wconf 88' lang='lat' dir='ltr'>Phoebi,</span> 
     </span>
     <span class='ocr_line' id='line_1_34' title="bbox 294 4024 1204 4112; baseline 0.001 -19"><span class='ocrx_word' id='word_1_183' title='bbox 294 4024 368 4108; x_wconf 88' lang='lat' dir='ltr'>Qui</span> <span class='ocrx_word' id='word_1_184' title='bbox 390 4028 557 4111; x_wconf 88' lang='lat' dir='ltr'>tripodes,</span> <span class='ocrx_word' id='word_1_185' title='bbox 581 4025 681 4094; x_wconf 88' lang='lat' dir='ltr'>Clarii</span> <span class='ocrx_word' id='word_1_186' title='bbox 705 4029 832 4111; x_wconf 90' lang='lat' dir='ltr'>laurus,</span> <span class='ocrx_word' id='word_1_187' title='bbox 856 4028 922 4112; x_wconf 90' lang='lat' dir='ltr'>qui</span> <span class='ocrx_word' id='word_1_188' title='bbox 947 4029 1062 4093; x_wconf 87' lang='lat' dir='ltr'>sidera</span> <span class='ocrx_word' id='word_1_189' title='bbox 1086 4031 1204 4094; x_wconf 86' lang='lat' dir='ltr'>sentis</span> 
     </span>
    </p>
   </div>
   <div class='ocr_carea' id='block_1_15' title="bbox 248 4149 1429 4341">
    <p class='ocr_par' dir='ltr' id='par_1_15' title="bbox 248 4149 1429 4341">
     <span class='ocr_line' id='line_1_35' title="bbox 356 4149 1429 4234; baseline 0.006 -19"><span class='ocrx_word' id='word_1_190' title='bbox 356 4149 488 4227; x_wconf 84' lang='lat' dir='ltr'>Quibus</span> <span class='ocrx_word' id='word_1_191' title='bbox 522 4167 565 4216; x_wconf 85' lang='lat' dir='ltr'>ex</span> <span class='ocrx_word' id='word_1_192' title='bbox 596 4153 765 4231; x_wconf 87' lang='lat' dir='ltr'>exemplis</span> <span class='ocrx_word' id='word_1_193' title='bbox 797 4152 1006 4232; x_wconf 87' lang='lat' dir='ltr'>intellegitur</span> <span class='ocrx_word' id='word_1_194' title='bbox 1029 4153 1112 4217; x_wconf 94' lang='lat' dir='ltr'>illud</span> <span class='ocrx_word' id='word_1_195' title='bbox 1136 4154 1282 4233; x_wconf 92' lang='lat' dir='ltr'>primum</span> <span class='ocrx_word' id='word_1_196' title='bbox 1307 4155 1429 4234; x_wconf 88' lang='lat' dir='ltr'>specie</span> 
     </span>
     <span class='ocr_line' id='line_1_36' title="bbox 248 4258 1429 4341; baseline 0.004 -18"><span class='ocrx_word' id='word_1_197' title='bbox 248 4261 393 4341; x_wconf 87' lang='lat' dir='ltr'>tantum,</span> <span class='ocrx_word' id='word_1_198' title='bbox 416 4258 499 4322; x_wconf 93' lang='lat' dir='ltr'>illud</span> <span class='ocrx_word' id='word_1_199' title='bbox 516 4261 632 4322; x_wconf 89' lang='lat' dir='ltr'>autern</span> <span class='ocrx_word' id='word_1_200' title='bbox 649 4259 840 4323; x_wconf 82' lang='lat' dir='ltr'>seeundum</span> <span class='ocrx_word' id='word_1_201' title='bbox 858 4275 976 4323; x_wconf 91' lang='lat' dir='ltr'>veram</span> <span class='ocrx_word' id='word_1_202' title='bbox 994 4275 1075 4324; x_wconf 90' lang='lat' dir='ltr'>esse</span> <span class='ocrx_word' id='word_1_203' title='bbox 1091 4261 1313 4341; x_wconf 89' lang='lat' dir='ltr'>anaphoram.</span> <span class='ocrx_word' id='word_1_204' title='bbox 1336 4258 1429 4328; x_wconf 89' lang='lat' dir='ltr'>Nota</span> 
     </span>
    </p>
   </div>
   <div class='ocr_carea' id='block_1_16' title="bbox 0 0 1540 4898">
    <p class='ocr_par' dir='ltr' id='par_1_16' title="bbox 0 0 1540 4898">
     <span class='ocr_line' id='line_1_37' title="bbox 0 0 1540 4898; baseline 0 0"><span class='ocrx_word' id='word_1_205' title='bbox 0 0 1540 4898; x_wconf 95' lang='lat' dir='ltr'> </span> 
     </span>
    </p>
   </div>
  </div>
 </body>
</html>
