3052 4876
727 278 926 342 ..26-

674 510 707 588 a)
740 509 975 576 Rhetores

347 654 379 732 a)
404 651 533 716 Auctor
556 655 599 716 ad
623 653 743 738 Her:¹)
767 653 957 735 „Repetitio
981 657 1044 736 est,
1073 669 1179 734 quom
1195 656 1415 720 continenter

163 760 167 767 '
241 759 283 821 ab
308 774 378 822 uno
411 762 516 838 atque
544 760 668 824 eodem
692 761 799 825 ver-bo
823 760 858 823 in
881 762 986 824 rebus
1010 761 1179 825 similibus
1204 764 1239 826 et
1262 745 1414 826 diversis

239 865 405 945 principia
428 869 619 950 sumuntur,
642 868 710 932 hoc
725 869 847 934 modo:
871 866 1011 932 Vobis
1035 868 1126 933 istuc
1146 869 1413 933 adtribuendum

240 980 303 1053 est,
334 974 468 1037 vobis
492 975 603 1053 gratia
629 974 798 1058 habenda,
829 976 964 1039 vobis
995 976 1063 1040 ista
1095 991 1152 1040 res
1183 976 1247 1040 erit
1278 977 1413 1040 honori.

240 1079 338 1143 item:
371 1077 523 1159 Scipio
555 1079 774 1145 Numantiam
805 1082 954 1162 sustulit,
985 1079 1140 1161 Scipio
1164 1081 1413 1162 Karthaginem

240 1187 377 1265 delevit,
400 1184 552 1267 Scipio
577 1188 750 1252 civitatem
777 1189 956 1253 servavit“

347 1291 544 1376 Sequuntur
577 1297 742 1360 nonnulla
778 1297 844 1361 alia
880 1296 1051 1360 eiusmodi
1085 1297 1252 1378 exempla,
1285 1297 1413 1362 deinde

240 1401 408 1480 pergitur:
924 1414 927 1419 ’

345 1507 457 1591 „Haec
480 1510 660 1574 exornatio
685 1527 791 1591 quom
815 1512 960 1576 multum
980 1511 1176 1576 venustatis
1199 1511 1313 1593 hahet,
1337 1514 1413 1575 tum

239 1616 419 1694 gravitatis
444 1620 479 1681 et
502 1617 710 1682 acrimoniae
733 1618 932 1699 plurimum3
957 1634 1063 1699 quare
1087 1619 1222 1682 videtur
1246 1634 1327 1682 esse
1351 1619 1413 1683 ad-

239 1722 389 1787 hibenda
413 1726 448 1787 et
472 1724 516 1788 ad
541 1725 730 1789 ornandam
755 1729 790 1789 et
806 1726 850 1790 ad
866 1726 1107 1805 exaugendam
1124 1725 1342 1790 orationem.“
1371 1766 1409 1774 --

347 1826 411 1906 Qui
436 1846 538 1909 quem
567 1827 751 1895 e'Graecis
768 1835 910 1896 secutus
940 1833 993 1912 sit,
1014 1834 1167 1896 statuere
1194 1847 1263 1895 non
1285 1847 1409 1910 possu-

239 1938 354 2021 mus,2)
379 1952 456 2000 cum
479 1936 545 2005 illis
570 1939 785 2017 temporibus
805 1939 959 2002 nondum
974 1939 1050 2002 libri
1066 1936 1273 2003 Graecorum
1292 1939 1349 2018 qui
1367 1939 1412 2002 de

239 2044 416 2122 anaphora
439 2046 548 2123 agunt
579 2045 726 2109 exstent.
773 2043 939 2125 Equidem
970 2061 1082 2126 paene
1106 2046 1312 2109 contendam
1344 2045 1412 2109 hac

238 2150 271 2213 in
285 2165 323 2214 re
335 2167 355 2214 e
366 2150 460 2215 nullo
470 2168 549 2214 eum
560 2151 720 2234 pendere,
730 2153 823 2232 quod
833 2153 868 2216 in
878 2153 1075 2232 anaphorae
1086 2152 1317 2231 descriptione
1326 2153 1411 2216 illud

238 2257 288 2339 ,in
321 2259 455 2322 rebus
489 2259 722 2323 similibus
756 2263 799 2324 et
834 2260 1046 2324 diversis‘
1080 2275 1183 2324 nemo
1217 2276 1236 2323 e
1270 2257 1409 2323 Graecis

239 2366 400 2429 servavit.
448 2364 568 2430 Graeci
594 2368 743 2432 enimin
769 2369 945 2447 anaphora
967 2367 1150 2448 praecipue
1175 2356 1352 2431 enuntiata
1376 2369 1411 2430 et

239 2487 359 2536 eorum
383 2475 499 2551 partes
522 2474 695 2554 respicere
718 2475 886 2558 videntur,
911 2472 1116 2540 Cornificius
1138 2477 1254 2539 autem
1271 2476 1410 2539 senten-

240 2579 305 2643 tias
330 2580 490 2659 neglegit.
528 2579 580 2644 An
605 2578 725 2645 Graeci
749 2582 815 2646 alia
838 2583 873 2645 in
897 2583 1044 2646 dicendo
1069 2582 1245 2660 anaphora
1268 2583 1410 2645 utuntur

239 2691 344 2767 atque
359 2684 535 2752 Romanii
569 2687 667 2753 Koch
688 2688 827 2768 quidem
859 2690 927 2754 hoc
957 2689 1040 2752 mihi
1067 2688 1213 2767 probare
1237 2688 1410 2770 videtum)

128 2835 129 2840 =
239 2810 318 2859 cum
351 2794 447 2861 dicit:
478 2794 593 2876 „Auch
625 2796 690 2859 bei·
704 2794 974 2874 Wiederholung
1002 2794 1187 2858 desselben
1211 2793 1349 2859 Wortes
1374 2796 1409 2859 in
1491 2849 1497 2856 .

239 2902 521 2982 verschiedenen‚
553 2903 773 2967 unmittelbar
804 2900 1216 2980 auieinanderiolgenden
1249 2899 1409 2986 Sitzen⁴l

239 3009 430 3088 gebraucht
453 3009 513 3072 der
537 3007 682 3074 Grieche
706 3009 923 3090 gewdhnlich
946 3005 1004 3088 μὲν
1035 3045 1051 3054 -
1097 3005 1140 3090 δὲ,
1164 3025 1192 3074 z.
1216 3008 1251 3074 B.
1274 3009 1372 3073 Mem.
1396 3008 1410 3072 l

242 3119 269 3197 1,
292 3117 344 3197 32,
373 3112 435 3198 ἐγὼ
464 3113 498 3178 δὲ
529 3118 653 3198 σύνειμι
680 3116 739 3197 μὲν
767 3121 870 3190 θεοῖς,
900 3115 1025 3196 σύνειμι
1054 3112 1089 3178 δὲ
1114 3113 1311 3201 ἀνθρώποις
1340 3124 1409 3189 τοῖς

240 3221 419 3307 ἀβοθοῑς.ὓ)
445 3222 506 3286 An.
519 3222 578 3288 VII
595 3225 625 3306 5,
643 3225 692 3288 14.
716 3220 861 3285 ἐνταῦθα
879 3217 1063 3305 εὑρίσκοντο
1079 3222 1200 3284 πολλοὶ
1216 3220 1275 3301 μὲν
1291 3220 1405 3291 κλῖναι,

240 3328 347 3392 πολλὰ
369 3326 403 3392 δὲ
424 3333 559 3411 κιβώτια
581 3330 702 3393 πολλοὶ
726 3327 761 3391 δὲ
782 3326 888 3409 βίβλοι
914 3330 1160 3412 γιγρομμὲνοιέ(
1184 3326 1270 3390 Puto
1291 3326 1406 3388 autem

239 3452 309 3500 non
332 3440 472 3516 propter
495 3439 706 3516 anaphoram
723 3451 804 3499 esse
820 3435 903 3499 illud
926 3434 994 3526 pil»
1015 3475 1052 3482 --
1071 3430 1115 3498 δὲ’
1132 3433 1284 3512 positum
1300 3432 1406 3494 immo

239 3559 322 3607 vero
339 3548 477 3623 propter
491 3561 547 3609 res
565 3543 795 3624 contrariasl)
821 3540 888 3607 Sed
904 3559 981 3607 curn
997 3542 1121 3606 vocula
1138 3538 1172 3604 δὲ
1189 3555 1296 3620 saepe
1312 3537 1408 3603 alteri

239 3651 394 3714 membro
425 3652 541 3729 inepte
573 3649 760 3730 adseratur,
797 3652 938 3714 verbum
971 3650 1116 3713 voculae
1146 3645 1204 3727 μὲν
1236 3647 1408 3711 adiectum

349 3792 370 3858 ι)
391 3794 470 3847 libet.
490 3793 523 3846 ad
544 3792 606 3844 Her.
626 3789 696 3855 libri,
716 3793 756 3846 ed.
780 3794 856 3847 llorx
875 3793 940 3859 Lips
960 3790 1233 3852 llocdcxc1v‚1v
1255 3790 1296 3854 13,
1320 3790 1360 3841 19.

345 3880 370 3945 ²)
390 3883 423 3936 ci.
446 3883 522 3935 llarx
536 3880 640 3945 Proles.
658 3881 721 3933 159:
743 3883 774 3935 ln
788 3882 864 3935 libris
883 3881 916 3933 ad
937 3879 999 3932 Her.
1020 3877 1142 3944 vestigia
1155 3876 1277 3931 Graecae
1291 3877 1408 3946 originis

238 3970 338 4039 ubique
357 3971 415 4024 iere
434 3969 525 4024 deleta
543 3975 615 4021 aunt.

345 4057 370 4124 ³)
391 4058 497 4112 Griech.
518 4056 774 4126 Schulgrammatilr,
794 4056 909 4125 Leipzig
928 4055 1006 4122 1885,
1025 4070 1088 4127 pag.
1107 4053 1169 4113 324.

346 4146 370 4213 ⁴)
389 4145 440 4201 Bei
459 4146 506 4199 dar
525 4162 582 4215 sog.
602 4147 756 4215 Anaphora.

345 4234 370 4300 ὓ)
388 4235 451 4290 Wir
468 4236 642 4291 dbaraetzen:
661 4235 726 4291 abar
744 4236 822 4290 auch.

346 4322 371 4392 ο)
391 4324 424 4381 ri.
444 4323 528 4382 etiam
546 4340 609 4400 pag.
628 4325 646 4381 8
664 4333 694 4385 at
712 4325 754 4384 16.
