3052 4876
664 289 865 354 ..18-

177 480 359 531 numerare
374 466 564 549 videantur,
588 483 607 530 e
629 467 754 546 quihus
771 469 948 548 anaphora
972 471 1111 533 constat
1139 467 1288 552 (Ioann
1301 484 1349 532 es

178 569 382 658 Siculus).
852 637 854 643 ,

284 679 334 744 Ac
357 681 503 760 primum
534 680 673 760 quidem
704 679 1010 746 Alexandrum
1041 683 1231 747 videamus.
1278 678 1345 758 Qui

105 784 108 790 '
177 790 212 851 et
235 803 312 851 eam
337 788 547 866 anaphoram
564 787 677 869 habet,
702 803 792 867 quae
808 790 856 866 ah
873 790 996 854 eodem
1014 790 1070 853 vel
1086 790 1188 853 simili
1205 780 1347 868 saepius

176 895 296 974 incipit
317 895 498 976 vocabulo,
523 911 627 974 quam
651 896 790 979 σχήμασι
815 893 962 972 διανοίας
985 897 1110 978 tribuit,
1136 899 1171 960 et
1195 896 1347 975 anapho-

176 1017 250 1066 ram
274 996 331 1064 ἐπὶ
350 1013 415 1063 nov
437 997 519 1087 ἑξῆς,
545 1016 635 1080 quae
659 1002 740 1080 quid
761 1002 814 1084 sit,
838 1019 908 1067 non
924 1004 1026 1082 plane
1042 1006 1098 1068 est
1117 1003 1347 1082 perspicuum.

176 1106 273 1173 Hanc
289 1110 500 1188 anaphoram
516 1108 551 1171 in
568 1110 707 1192 σχήμασι
724 1108 842 1187 λέξειας
857 1111 970 1174 hahet.
1002 1109 1180 1190 Duplicem
1197 1110 1347 1189 denique

177 1216 358 1296 distinguit
390 1201 610 1298 anaphoram,
642 1231 745 1295 quarn
777 1217 812 1279 in
846 1218 970 1281 eodem
998 1217 1188 1297 figurarum
1217 1232 1347 1296 genere

163 1301 343 1387 'numerat
388 1321 483 1386 Haec
523 1321 708 1386 Alexandri
747 1323 916 1403 doctrina,
953 1341 973 1388 e
1012 1341 1080 1403 qua
1116 1340 1238 1388 omnes
1272 1324 1347 1388 fere

176 1431 389 1511 posteriores
412 1430 564 1509 pendere
587 1429 755 1511 videntur,
783 1431 877 1509 quod
900 1431 1035 1512 integra
1058 1449 1128 1496 non
1153 1432 1198 1496 sit
1214 1432 1347 1513 tradita,

176 1539 327 1603 maxime
350 1540 406 1601 est
429 1537 625 1601 dolendum.
662 1535 732 1600 lam
757 1537 815 1600 illa
839 1539 987 1602 obscura
1011 1538 1167 1604 delinitio
1183 1539 1218 1602 in
1236 1539 1346 1617 primo

176 1645 280 1709 libro:
315 1640 466 1728 ἀναφοραὶ
500 1645 595 1719 ἐστιν,
631 1641 709 1705 ὅταν
742 1642 810 1706 ἀπὸ
844 1655 899 1706 τοῦ
932 1645 1029 1707 αὐτοῦ
1058 1644 1221 1725 κόμματος
1245 1643 1301 1707 δύο
1327 1642 1345 1726 ἢ

176 1752 281 1814 ιιίείια
314 1750 408 1816 κῶλα,
437 1748 584 1835 ἄρχηται,
617 1751 719 1814 valde
752 1751 908 1815 offendit.
954 1751 1038 1815 Nam
1069 1753 1245 1831 quomodo
1274 1751 1346 1834 fiat,
1404 1810 1409 1823 ,

176 1863 214 1923 ut
246 1860 288 1924 ah
322 1858 447 1922 eodem
479 1858 589 1921 inciso
624 1859 692 1922 duo
725 1858 781 1922 vel
813 1858 911 1937 plura
946 1860 1099 1923 membra
1132 1860 1346 1940 inchoentur,

177 1968 237 2032 vix
261 1966 445 2046 quisquam
475 1965 671 2044 investiget.
717 1964 849 2028 Deinde
882 1966 1003 2028 mirum
1036 1967 1099 2045 est,
1137 1965 1231 2044 quod
1255 1981 1347 2044 quae

177 2074 221 2138 de
245 2073 421 2150 anaphora
445 2071 556 2152 docet,
589 2087 659 2134 non
682 2087 752 2136 uno
785 2072 959 2145 concludit
980 2071 1075 2153 libro,
1108 2071 1171 2136 sed
1204 2073 1346 2136 alteram

176 2183 309 2261 partem
339 2179 374 2242 in
405 2195 457 2260 eo,
490 2179 548 2257 qui
572 2181 627 2242 est
652 2178 695 2241 de
722 2179 861 2262 σχήμασι
886 2177 1041 2261 διανοίας,
1066 2180 1209 2243 alteram
1232 2180 1267 2242 in
1292 2195 1345 2262 ec,

177 2289 235 2368 qui
259 2289 314 2350 est
337 2285 381 2349 de
397 2287 537 2370 σχήμασι
554 2283 680 2367 λέξειας,
703 2287 835 2349 tractat.
868 2285 943 2350 Non
962 2286 1135 2367 intellego,
1160 2287 1190 2349 si
1207 2287 1346 2365 quidem

176 2394 352 2474 anaphora
376 2407 503 2456 sensus
527 2392 693 2456 enuntiati
718 2408 788 2456 non
812 2396 970 2474 mutatur,
995 2395 1032 2457 ut
1056 2397 1180 2471 postea
1203 2393 1345 2457 demon-

175 2501 371 2580 strabimus,
395 2499 572 2577 quomodo
597 2498 840 2564 celeberrimus
864 2500 920 2563 hic
941 2500 1058 2564 rhetor
1082 2503 1152 2563 tam
1177 2500 1346 2564 subtiliter

176 2609 387 2694 anaphoram
411 2607 454 2670 ah
479 2606 656 2685 anaphora
672 2611 838 2670 secernat.
871 2605 924 2670 An
940 2607 975 2670 in
991 2607 1113 2686 liguris
1131 2607 1345 2685 distinguen-

175 2723 229 2786 dis
246 2723 431 2802 scriptores
447 2723 609 2802 respexit,
631 2723 689 2800 qui
706 2721 862 2800 singulas
880 2721 1011 2799 figuras
1028 2718 1222 2784 adhihent‘?
1241 2721 1345 2787 Velut

173 2829 325 2894 lulianus
344 2828 566 2907 Toletanus1)
591 2829 657 2891 sic:
681 2826 800 2908 ,Huius
817 2827 1016 2907 ornationis
1040 2827 1159 2909 inquit,
1182 2830 1344 2907 generale

173 2953 301 3000 nomen
334 2935 509 3015 practicen
540 2931 659 2997 Graeci
692 2936 920 3015 vocaverunt;
954 2934 1105 3012 speciale
1135 2936 1344 3000 vocabulum

174 3043 380 3107 narrationis
405 3042 553 3125 σχήματα
578 3039 696 3118 λέξειας
720 3041 756 3103 et
779 3037 926 3114 διανοίας
956 3040 991 3104 id
1022 3043 1077 3104 est
1103 3041 1238 3122 figurae
1270 3059 1343 3107 ver-

173 3151 295 3214 borum
321 3151 356 3211 et
380 3162 525 3229 sensus;
560 3147 624 3211 sed
656 3147 834 3211 schemata
867 3147 1034 3212 dianoeas
1059 3149 1102 3213 ad
1127 3153 1342 3213 oratores

173 3256 353 3338 pertinent,
366 3255 411 3319 ad
420 3255 712 3335 grammaticos
725 3252 864 3319 lexeos!
888 3253 1075 3335 Tamquam
1089 3256 1248 3334 aenigma
1264 3253 1340 3317 Ale-

172 3363 294 3426 xandri
326 3363 462 3426 videtur
498 3362 682 3427 distinctio.
729 3357 817 3437 Quid
850 3362 942 3440 quod
982 3362 1085 3425 huius
1119 3360 1243 3422 aetatis
1277 3360 1337 3423 ho-

173 3471 284 3533 mines
309 3469 500 3533 doctissimi
524 3470 704 3533 ridiculum
728 3484 809 3532 esse
832 3471 1049 3549 putaverunt,
1074 3465 1168 3545 quod
1192 3466 1236 3530 de
1260 3483 1340 3530 ana-

173 3577 282 3656 phora
305 3576 363 3639 εαὶ
386 3587 451 3638 ιιῖιν
475 3573 549 3661 ἑξῆς
572 3576 722 3654 exponit.
769 3574 873 3640 Velut
896 3572 1104 3656 Gerherus2)
1129 3575 1340 3653 anaphoram

173 3683 232 3746 ίαὶ
255 3693 320 3744 cuv
345 3679 418 3767 ἑξῆς
449 3683 660 3761 anaphoram
693 3683 927 3762 postpositam
957 3697 1038 3746 esse
1062 3685 1190 3746 censet.
1236 3681 1273 3744 ld
1298 3697 1341 3743 ex

173 3791 277 3853 allato
313 3790 472 3868 exemplo
484 3792 510 3872 ³)
543 3789 738 3852 rectissime
776 3789 954 3866 colligitur.
1021 3786 1089 3851 Sed
1127 3787 1231 3850 talem
1260 3803 1340 3850 ana·

172 3897 316 3977 phoram
348 3897 526 3961 ridiculam
559 3911 640 3959 esse
673 3911 743 3958 non
777 3892 971 3973 contendat,
1007 3893 1037 3954 si
1072 3892 1150 3970 quis
1184 3893 1340 3957 eiusdem

280 4038 302 4106 ¹)
322 4041 462 4094 Auecdota
475 4039 616 4094 Helvetico
628 4036 743 4091 collecta
760 4035 800 4089 ed.
821 4035 911 4088 Herm.
925 4034 1032 4101 Hagen,
1052 4034 1125 4104 Lips.
1146 4035 1340 4091 MDGCOLXX

170 4147 234 4199 pag.
254 4129 424 4184 ccxxxvi.

279 4217 303 4277 ’l
322 4219 355 4273 of.
376 4218 487 4283 Gerher,
506 4217 550 4271 die
569 4217 686 4286 Sprache
705 4215 745 4268 uls
765 4214 864 4269 Kuust.
884 4213 912 4267 ΙΙ
931 4229 956 4281 p.
977 4213 1037 4269 186.

278 4308 305 4378 ³)
331 4301 496 4380 ἐδίδασκες
518 4307 692 4390 γράμματα
716 4349 724 4365 .
750 4349 757 4365 .
783 4350 801 4380 .,
827 4299 889 4386 ἐγὼ
915 4299 949 4364 δὲ
974 4298 1156 4386 ἐτελούμην.
