3052 4876
147 486 180 569 a)
209 481 459 548 Ecclesiastioi:

263 593 297 671 α)
320 589 474 654 Isidorus

320 700 371 760 (oa.
392 713 416 750 a.
436 695 685 755 buxis-boxin)

260 789 294 867 β)
319 784 412 848 Beda
435 783 650 848 Venerabilis

321 892 359 957 (a.
379 889 567 945 uunxxll-
585 890 780 948 bosxxxv).

147 1001 183 1085 b)
213 996 432 1065 Grammatioi
456 997 534 1061 aevi
558 995 669 1062 Caroli
692 995 808 1075 Magni

320 1105 448 1170 (Nomina
473 1121 525 1159 non
551 1113 616 1158 sunt
634 1104 745 1159 tradita.
775 1103 916 1158 Aneodota
935 1107 1028 1155 antem
1046 1101 1193 1156 Helvetios
1211 1117 1275 1154 non·

321 1195 397 1250 nulla
422 1199 569 1263 praecepta
593 1209 626 1247 ex
652 1193 707 1246 illis
732 1190 899 1260 temporibus
930 1190 1041 1255 babent,
1065 1190 1101 1245 of.
1129 1188 1276 1244 Bursianl

324 1285 421 1352 ipsg.
442 1284 498 1346 18).

153 1391 184 1474 o)
207 1388 336 1454 Poetae
360 1388 490 1452 saeculi
513 1387 581 1452 Xll.

265 1499 298 1576 o)
322 1493 518 1558 Alexander
541 1495 584 1558 de
608 1494 697 1559 Villa
720 1493 782 1559 Dei

325 1603 379 1667 (ed.
400 1601 558 1656 Doctrinale
577 1618 601 1656 a.
623 1602 761 1656 lloxolll
780 1601 815 1655 oi.
834 1602 880 1654 Dr.
900 1599 1022 1654 Distrioh
1042 1600 1193 1670 Reiohling‚
1220 1601 1277 1655 Das

324 1691 485 1746 Doktrinale
505 1693 552 1745 des
572 1692 614 1746 Al.
634 1692 667 1746 de
687 1692 718 1744 V.
740 1693 771 1745 D.
792 1691 884 1744 Berlin
905 1690 975 1744 1893
993 1707 1017 1758 p.
1038 1690 1125 1756 XXI).

264 1781 296 1863 β)
320 1778 539 1845 Eberhardus
563 1780 806 1845 Betbuniensis

324 1887 427 1954 Quibus
446 1888 611 1956 temporibus
630 1888 754 1942 floruerit
773 1888 946 1942 Eberhardus
972 1887 1019 1942 vix
1042 1887 1110 1941 certi
1130 1887 1273 1956 quiequam

324 1977 429 2032 deliniri
438 1984 539 2046 potest.
551 1978 681 2039 Fuerunt.
693 1978 739 2045 qui
748 1978 856 2032 saeculo
867 1977 917 2031 Xli
930 1992 991 2031 eum
1001 1975 1103 2031 vixisse
1113 1983 1277 2044 statuerent,

323 2067 487 2122 sententiam
506 2084 582 2121 sumn
602 2067 702 2121 incerti
721 2066 840 2121 auctoris
859 2066 984 2120 versibus
1009 2065 1199 2119 confirmantes
1218 2066 1276 2121 his:

425 2157 503 2210 Anno
523 2155 631 2210 milleno
651 2161 766 2209 centeno
785 2154 826 2209 bis
846 2155 968 2208 duodeno

426 2244 554 2299 Condidit
572 2244 711 2298 Ebrardns
731 2242 916 2295 Graecianum
937 2241 1138 2296 Bethuniensis.

322 2335 356 2388 oi.
383 2334 532 2388 Eberhardi
557 2334 637 2386 Beth.
664 2330 845 2395 Graecismus,
874 2330 914 2383 ed.
944 2329 1063 2393 Wrohel,
1092 2330 1276 2386 Vratislaviae

323 2421 625 2482 MDCGGLXXXVII).

150 2528 185 2612 d)
210 2526 429 2593 Grammatisi
454 2541 544 2589 saeo.
567 2524 629 2589 XV

326 2634 521 2700 (llelanohtho
542 2633 693 2702 Cyprianus
713 2632 845 2697 Soarius.)
1201 2687 1204 2693 ,

150 2746 182 2827 e)
212 2741 349 2807 Nonulli
379 2741 482 2806 huius
515 2741 639 2804 aetatis
672 2740 735 2804 viri
768 2741 1009 2805 illustrissimi:
1039 2738 1183 2823 Ernesti,
1213 2740 1276 2806 Lo-

211 2850 364 2930 beslius,
389 2848 560 2932 Ersohius,
575 2835 825 2927 Volkmannus‚
850 2847 1019 2931 Kuehner,
1044 2847 1277 2928 Nagelsbaou-

211 2958 275 3038 ina,
300 2954 436 3038 Gerber,
459 2956 594 3021 Bittius,

487 3169 521 3251 a)
553 3167 892 3234 Ecclesiastioi.

212 3331 248 3408 a)
272 3326 521 3412 Isidorusl)
546 3330 701 3408 sequitur
719 3329 965 3410 grammaticos
982 3329 1131 3395 Latinos
1159 3329 1276 3414 ,Ana-

105 3435 247 3514 phora
272 3437 344 3517 est,
371 3435 490 3517 inquit,
519 3437 686 3516 ‚repetitio
716 3435 874 3501 eiusdem
903 3437 999 3500 verbi
1026 3453 1088 3516 per
1110 3437 1277 3516 principia

105 3558 270 3606 versuum
293 3543 526 3624 plurimorum,
550 3545 604 3611 ut:
629 3542 715 3607 Nos
739 3546 774 3607 te
798 3541 970 3607 Dardania
983 3543 1126 3606 incensa
1142 3546 1202 3608 tua
1218 3545 1276 3622 qui

106 3664 200 3712 arma
224 3649 343 3730 secuti,
366 3647 455 3713 Nos
479 3649 648 3712 tumidum
673 3650 738 3713 sub
767 3655 801 3713 te
825 3650 998 3728 permensi
1024 3649 1195 3713 classibus
1219 3666 1276 3714 ae

106 3752 223 3835 quor‘?
246 3754 361 3834 Pergit
384 3760 516 3820 autem:
540 3754 848 3836 ‚Epanaphora
871 3757 984 3821 estin
1008 3772 1078 3820 uno
1101 3771 1163 3835 per
1186 3758 1276 3836 prin-

106 3864 193 3942 cipia
217 3878 385 3927 sensuum
406 3863 563 3927 eiusdem
580 3863 676 3926 verbi
692 3862 860 3944 repetitio,
883 3864 937 3926 ut:
961 3861 1154 3926 Tenemus
1172 3863 1276 3942 Angi-

105 3971 182 4052 tiae,
220 3970 331 4034 vitrea
363 3973 406 4034 te
440 3969 590 4034 Fooinus
625 3970 727 4051 unda,
761 3967 807 4033 Te
841 3968 961 4048 liquidi
995 3969 1126 4034 llevere
1160 3971 1276 4035 lacus!

104 4076 280 4156 Proprium
305 4079 361 4140 est
383 4076 506 4141 Isidori
530 4077 742 4156 anaphoram
765 4077 808 4140 ab
833 4077 1055 4155 epanaphora
1071 4077 1276 4160 discernere,

212 4258 235 4325 ¹)
254 4259 356 4327 Corpus
375 4257 616 4327 grammaticorum
635 4256 794 4312 Latinorum
807 4262 933 4312 veterum
946 4258 986 4315 ed.
1000 4256 1163 4314 Ilrsderious
1176 4256 1276 4314 Linde·

104 4365 218 4404 mannus
237 4347 312 4403 Tom.
331 4349 377 4403 III
395 4365 420 4417 p.
441 4347 483 4415 53,
502 4349 520 4402 8
539 4347 614 4418 Lips.
634 4347 928 4424 ololpucdllxxllr.
