3052 4876
664 270 859 333 ,23-

178 450 295 528 legere
318 465 388 512 non
413 451 579 512 vetamur.
614 445 822 528 Gregorii
846 447 995 527 denique
1019 447 1175 512 definitio
1200 448 1349 514 dilucida

179 558 241 620 est.
287 554 373 619 Nam
401 556 578 634 anaphora
608 571 677 619 non
702 554 911 634 intellegitur
934 554 1002 618 nisi
1026 570 1076 636 ea,
1110 570 1199 633 quae
1223 557 1348 620 eodem

177 663 284 727 verbo
308 663 364 726 vel
387 662 521 727 eisdem
544 663 660 727 verbis
685 663 861 742 complura
884 662 1039 726 membra
1060 662 1210 727 inchoat.

196 918 274 986 Cur
299 919 542 987 Graecorum
568 921 616 987 de
641 921 848 1007 anaphora
872 920 1098 987 sententiae
1121 925 1334 1006 tantopere

644 1028 883 1113 discrepent.

281 1188 578 1255 praetermisimus
602 1186 855 1254 Herodianum!
879 1187 993 1255 Causa
1006 1187 1080 1268 fuit,
1104 1187 1200 1268 quod
1215 1187 1347 1267 priores

176 1296 263 1359 satis
279 1312 453 1378 superque
476 1312 543 1360 nos
567 1299 787 1378 occuparunt,
812 1313 856 1360 ex
880 1310 1027 1378 quorum
1049 1295 1347 1374 inexplicabilibus

177 1401 342 1466 doctrinis
366 1402 492 1482 aliquid
517 1403 768 1482 expediremus.
814 1403 1032 1467 Herodianus
1061 1405 1177 1466 autem
1201 1403 1347 1483 eiusque

177 1509 309 1573 similes
333 1510 625 1588 perturbationem
641 1511 734 1574 illam
751 1510 889 1575 cumulo
906 1510 1095 1574 auxissent.
1127 1509 1240 1574 Habet
1255 1509 1347 1574 enim

176 1632 247 1680 non
283 1617 506 1698 anaphoram,
545 1617 610 1680 sed
647 1618 845 1695 anaphorae
868 1615 995 1680 aflines
1018 1616 1160 1698 figuras,
1195 1619 1230 1680 et
1263 1616 1347 1681 nihil

176 1724 335 1802 exempla
359 1725 435 1788 eius
460 1723 625 1788 differunt
648 1725 691 1788 ab
716 1724 776 1805 eis,
800 1740 890 1804 quae
914 1724 957 1788 ad
977 1724 1200 1789 illustrandas
1217 1724 1346 1788 condu-

176 1829 396 1909 plicationem
413 1833 449 1895 et
464 1831 700 1910 epanalepsim
716 1830 929 1895 adhibentur.
944 1913 947 1920 .
961 1830 1083 1911 ltaque
1097 1830 1189 1896 falso
1205 1831 1346 1894 nomine

176 1936 373 2016 anaphorae
388 1936 509 2001 fallere
531 1953 598 2001 nos
615 1937 786 2002 studebat
827 1935 928 2014 Quod
943 1937 1080 2002 facilius
1097 1937 1127 2000 ei
1145 1938 1346 2017 contingere

175 2043 290 2107 visum
306 2047 369 2126 est,
394 2043 608 2123 quodetiam
625 2045 681 2108 aiii
697 2048 800 2109 antea
817 2043 1092 2125 significationes
1110 2043 1346 2108 confuderant

175 2148 279 2214 Velut
301 2149 540 2231 Hermogenes
565 2151 600 2214 in
624 2152 711 2215 libro
736 2150 816 2234 Περὶ
839 2148 987 2230 μεθόδου
1012 2148 1197 2235 δεινότητας
1227 2151 1286 2214 ubi
1302 2150 1346 2216 de

175 2256 374 2338 epanalepsi
398 2258 478 2339 agit,
501 2259 667 2323 nonnulla
691 2258 851 2335 exempla
877 2257 991 2338 habet,
1025 2273 1112 2336 quas
1137 2273 1240 2322 nemo
1264 2275 1345 2322 ana·

174 2364 303 2443 phoras
338 2380 420 2428 esse
453 2367 567 2443 neget.
614 2362 666 2427 An
703 2362 781 2441 quis
816 2363 880 2444 est,
918 2361 1000 2441 quin
1039 2361 1123 2426 illud
1161 2362 1345 2429 Herodoti:

176 2468 294 2552 φονεὺς
324 2468 382 2548 μὲν
414 2479 473 2530 ταῦ
502 2465 624 2530 ἑωυτοῦ
654 2466 807 2552 ἀδελφοῦ,
839 2468 957 2552 φονεὺς
985 2466 1020 2531 δὲ
1047 2479 1106 2530 τοῦ
1136 2471 1347 2554 καθήραντος

175 2575 387 2654 anaphoram
421 2591 503 2639 esse
535 2573 663 2653 putet‘?
700 2573 940 2655 Hermogenes
974 2579 1090 2640 autem
1121 2576 1157 2640 in
1187 2579 1346 2642 extremo

175 2681 287 2761 capite
309 2682 403 2746 hunc
425 2683 541 2747 locum
565 2681 676 2747 affert
687 2683 712 2766 ¹)
759 2678 892 2758 Quodsi
914 2683 972 2747 hic
994 2684 1112 2747 tantus
1135 2683 1253 2748 rhetor
1276 2684 1345 2748 sin·

174 2788 275 2869 gulas
299 2788 575 2870 significationes
600 2789 790 2870 confundit,
817 2789 899 2868 quid
923 2789 1055 2871 mirum,
1079 2790 1109 2853 si
1133 2791 1346 2869 posteriores

175 2896 299 2960 eodem
323 2898 445 2960 morbo
469 2893 682 2978 aegrotanti
712 2896 774 2961 llla
790 2893 945 2977 Gregorii
969 2895 1125 2961 definitio
1147 2897 1346 2976 anaphorae

174 3003 349 3083 reperitur,
380 3003 439 3066 ubi
461 3003 561 3067 locos
584 3001 823 3084 Hermogenis,
855 3004 912 3083 qui
937 3003 981 3068 de
1005 3004 1206 3084 epanalepsi
1229 3008 1346 3089 agunt,

175 3107 424 3186 interpretatur.
455 3107 543 3172 Dicit
561 3109 652 3173 enim
676 3109 790 3174 locum
813 3110 1044 3189 interpretans
1069 3109 1239 3194 ,Νιρεὺς
1259 3108 1286 3172 f‘
1305 3103 1346 3173 αὖ

176 3215 328 3300 Σύμηθεν
344 3211 402 3297 ἄγε
416 3223 504 3298 τρεῖς
520 3224 598 3299 νῆας
614 3211 710 3291 ἐΐσας,
723 3215 896 3298 -Νιρεὺς
920 3215 1062 3298 Ἀγλαΐης
1081 3213 1151 3290 υἱὸς
1167 3222 1344 3302 Χαραααῖα

175 3319 202 3384 d’
228 3319 375 3398 ἄνακτος,
400 3320 574 3406 Νιρεὺς,
599 3319 635 3397 ὃς
650 3321 821 3397 κάλλιστος
838 3319 918 3405 ἀνὴρ
941 3317 1008 3383 ὑπὸ
1034 3317 1130 3383 Ἴλιον
1155 3314 1276 3404 ἦλθεν)
1302 3361 1347 3370 -

174 3424 212 3490 ‘H
232 3439 308 3513 γοῦν
338 3424 545 3512 ἐπαναφορά,
581 3426 714 3512 πλῆθος
743 3425 861 3507 ἔχουσα
885 3477 892 3492 .
916 3476 923 3492 .
948 3477 955 3492 .
979 3424 1063 3504 Quis
1088 3443 1159 3492 non
1183 3430 1288 3493 sentit
1310 3430 1346 3494 id

175 3536 371 3615 exemplum
387 3550 470 3601 esse
486 3533 770 3615 epanalepseos‘?
794 3533 953 3601 Cetemm
973 3535 1077 3600 etiam
1092 3533 1345 3599 Aristoteles

174 3643 266 3707 hunc
288 3642 402 3707 locum
426 3643 541 3725 habet,
571 3642 630 3707 ubi
661 3642 705 3706 de
738 3643 853 3706 verbis
884 3643 1039 3723 repetitis
1073 3642 1153 3724 agit,
1181 3642 1246 3706 sed
1275 3658 1345 3706 non

174 3750 264 3814 hanc
285 3749 503 3814 iterationem
527 3749 668 3813 nomine
693 3749 890 3827 anaphorae
914 3750 1072 3829 appellat.
1117 3744 1182 3824 Qui
1206 3749 1345 3829 quidem

175 3855 219 3921 de
240 3857 503 3936 repetitionibus
526 3857 562 3921 in
581 3856 728 3921 dicendo
746 3857 1044 3935 contemptissimo
1068 3856 1227 3935 loquitur.
1258 3854 1347 3923 Dicit

175 3962 314 4046 enim22)
338 3962 392 4024 καὶ
417 3961 448 4025 αλ
469 3961 604 4048 ῥήτορες
620 3965 808 4048 χρῶνται.3)
832 3959 899 4025 ἔστι
923 3962 984 4046 γὰρ
1001 3960 1206 4048 occupauerat.
1224 3959 1345 4050 ἀνάγκη

283 4130 306 4199 ¹)
325 4132 369 4188 W.
390 4131 434 4186 111
452 4149 478 4203 p.
496 4132 549 4187 fla
568 4150 625 4203 cap.
644 4124 705 4190 XI.⁴

281 4219 306 4288 ⁸)
324 4222 407 4278 abac
425 4222 471 4277 111
490 4238 548 4292 cap.
568 4223 610 4278 12.

281 4308 306 4384 ³)
325 4327 362 4369 sa
387 4310 434 4367 τῶ
458 4299 618 4382 πολλάκις
640 4301 677 4373 τὸ
702 4300 780 4367 αὐτὸ
805 4301 921 4374 εἰπεῖν.
