3052 4876
663 314 862 380 ..45..

172 503 289 581 bbere,
311 502 350 563 ut
373 497 560 578 statuerim,
589 511 671 558 num
701 510 770 574 quo
794 495 873 558 loco
898 507 1057 572 quaeque
1082 491 1127 555 sit
1149 491 1273 571 posita,
1301 490 1346 555 ibi

175 607 302 688 aliquid
319 606 540 686 describatur,
556 602 730 682 precando
744 603 935 683 expetatur,
951 601 1095 682 vetetur,
1112 599 1347 680 admoneatur,

174 714 397 796 praedicetur,
414 712 495 792 quia
510 711 565 775 his
586 711 621 773 in
637 709 741 773 rebus
762 709 965 787 plerumque
983 708 1143 772 homines
1160 707 1346 771 vehemen-

173 823 280 886 tiores
308 810 520 882 indicendo
548 832 630 880 esse
654 816 782 896 solent,
811 814 899 879 adeo
929 831 999 878 non
1023 806 1175 897 contigit,
1205 819 1243 880 ut
1267 832 1347 881 ana-

174 930 304 1008 phoras
328 927 528 1007 digererem,
553 925 633 1004 quia
648 922 802 1002 undique
817 923 851 985 in
869 923 1076 986 carminibus
1093 922 1294 1007 affluebant,
1310 927 1348 989 ut

66 1081 67 1087 η
176 1051 259 1099 mox
274 1035 338 1098 iter
353 1034 530 1097 incessum
545 1030 782 1109 relinquerem.
814 1027 850 1092 ld
875 1032 913 1093 ut
935 1029 1087 1094 facerem
1103 1031 1207 1094 etiam
1225 1048 1267 1096 eo
1289 1033 1348 1096 ad-

175 1143 299 1206 ductus
315 1155 402 1222 sum,
419 1139 513 1220 quod
527 1138 687 1201 videbam
701 1133 911 1216 Schillerum,
924 1137 1022 1200 cuius
1035 1138 1208 1217 elegantia
1219 1139 1348 1220 ingenii

175 1252 210 1314 et
241 1248 415 1314 subtilitas
449 1247 492 1310 ab
526 1245 689 1310 omnibus
723 1245 975 1326 comprobatur,
1007 1261 1085 1308 cum
1118 1250 1269 1311 verteret
1291 1247 1349 1312 illa

175 1357 316 1436 Vergilii
328 1355 488 1436 carmina,
504 1354 547 1418 ab
560 1354 737 1432 anaphora
749 1351 947 1431 Vergiliana
962 1368 1032 1415 non
1048 1369 1125 1417 raro
1139 1354 1348 1419 discessisse

177 1465 220 1545 et,
243 1463 302 1526 ubi
317 1461 411 1525 nulla
427 1463 509 1543 erat,
532 1460 705 1539 posuisse,
729 1459 787 1522 ubi
812 1461 892 1539 erat,
916 1459 1107 1538 reliquisse.
1142 1457 1232 1537 Quid
1255 1463 1348 1545 quod

178 1571 281 1634 etiam
298 1567 434 1651 Caesar,
451 1568 509 1632 ubi
525 1567 666 1631 minime
683 1567 877 1646 exspectes
895 1566 1070 1645 anaphora
1083 1567 1188 1631 utitur
1204 1569 1312 1632 velut:
1325 1571 1348 1651 ¹)

176 1677 336 1758 ,divisum
368 1677 538 1752 senatum,
570 1674 720 1738 divisum
751 1670 957 1752 populum‘f
989 1670 1107 1738 Cicero
1140 1690 1225 1739 vero
1254 1677 1349 1740 utin
1467 1696 1470 1700 ⁸

177 1785 392 1849 orationibus
423 1784 472 1879 ita
496 1783 599 1846 etiam
623 1783 657 1845 in
682 1781 785 1863 libriS,
817 1783 875 1861 qui
899 1781 942 1845 ad
967 1782 1223 1861 philosophiam
1248 1784 1349 1862 perti-

178 1894 269 1974 nent,
293 1890 500 1969 saepissime
522 1889 627 1953 utitur
651 1889 835 1968 anaphora.

219 2076 221 2081 ,
283 2013 379 2092 Quae
413 2031 491 2079 cum
524 2015 572 2078 ita
604 2015 682 2095 sint,
714 2031 888 2079 summum
919 2016 1118 2094 anaphoras
1149 2015 1195 2078 sit
1225 2031 1349 2080 munus

178 2123 410 2202 coniungendi
435 2123 627 2186 sententias
653 2125 687 2185 et
711 2123 867 2202 singulas
891 2124 1141 2186 sententiarum
1164 2127 1290 2202 partes,

127 3165 130 3172 ,
179 3085 287 3163 Vera
318 3087 548 3183 anaphoras
576 3091 717 3165 natura
748 3089 1046 3167 demonstratur
1070 3096 1110 3167 et
1129 3091 1350 3171 illustratur

179 3206 377 3309 exemplis
395 3230 418 3284 e
433 3208 597 3306 Vergilii
618 3215 659 3286 et
675 3209 805 3288 Ovidii
827 3213 1066 3290 carminibus
1088 3215 1349 3316 depromptis

285 3400 455 3480 Quoniam
472 3404 647 3468 nonnullis
664 3405 877 3484 argumentis
902 3404 1185 3471 confirmavimus
1209 3410 1244 3473 in
1269 3426 1349 3476 ana-

178 3513 286 3590 phora
311 3527 392 3575 esse
414 3512 486 3574 vim
503 3511 744 3593 copulativam,
768 3511 962 3590 proximum
987 3517 1050 3590 est,
1074 3517 1112 3589 ut
1135 3515 1350 3581 demonstre-

178 3632 255 3680 mus
279 3618 371 3680 haud
403 3633 480 3681 raro
504 3634 623 3681 veram
648 3619 860 3697 anaphoram
888 3620 930 3682 ab
955 3635 998 3684 ea
1022 3635 1111 3699 quae
1135 3622 1252 3699 specie
1275 3624 1350 3687 tan·

177 3725 250 3787 tum
282 3725 337 3787 est
367 3739 437 3787 non
461 3723 563 3787 facile
596 3741 703 3803 posse
727 3726 870 3789 secerni.
917 3723 1028 3803 Quam
1053 3728 1097 3790 ob
1121 3742 1194 3790 rem
1218 3729 1350 3795 dehac

176 3846 213 3894 re
252 3829 415 3894 diffusius
455 3832 681 3911 disputemus.
733 3832 781 3896 Ac
822 3833 969 3912 primum
1013 3834 1151 3913 quidem
1193 3852 1349 3914 praemo-

176 3939 326 4001 nendum
352 3953 433 4002 esse
457 3941 541 4017 puto
566 3939 600 4002 in
623 3940 689 4003 hac
712 3941 917 4005 tractatione
941 3957 1010 4004 non
1027 3941 1084 4021 agi
1105 3942 1172 4004 nisi
1196 3943 1240 4006 de
1266 3960 1349 4008 vera

177 4044 353 4121 anaphora
376 4060 491 4124 neque
518 4046 643 4124 respici
668 4047 865 4125 anaphorae
889 4046 1016 4111 affines
1040 4047 1182 4127 figuras.
1228 4048 1348 4129 ltaque

176 4149 438 4228 repetitionibus
468 4151 665 4230 anaphorae
693 4153 862 4217 similibus
892 4154 1004 4216 velut:
1029 4154 1134 4219 modo
1163 4194 1206 4203 -
1230 4159 1345 4240 modo,

286 4363 308 4433 ¹)
329 4366 371 4420 De
389 4365 451 4420 bell.
472 4365 542 4422 Gall.
564 4365 626 4421 VII.
646 4365 688 4423 32.
