3052 4876
662 310 861 376 ‚57-

173 494 231 547 Buc
253 492 302 566 'Ill
322 490 364 545 42.
403 489 536 558 Tempora
554 505 639 558 quae
659 505 768 556 messor,
787 504 872 557 quse
891 504 991 544 cnmus
1009 493 1103 543 arator
1121 487 1242 543 haberet.

175 579 209 634 ib.
229 581 272 635 56.
310 582 347 634 Et
366 596 459 634 nnnc
477 578 587 633 omnis
607 595 683 648 ager,
702 596 793 634 nunc
812 578 923 635 omnis
943 577 1065 647 parturit
1084 578 1171 633 arbos.

176 689 241 743 Buc.
260 687 301 742 IV
320 687 345 741 d.
383 687 455 741 Iam
475 685 571 740 redit
590 694 619 741 et
637 686 725 755 virgo,
745 688 896 742 redeunt
914 686 1043 741 Saturnia
1061 700 1155 752 regnu,

229 778 301 832 Iam
322 793 394 832 nove
412 776 557 845 progenies
577 777 653 831 caelo
672 776 829 831 demittitur
847 776 912 831 alto.

174 868 210 939 ih.
230 868 273 922 31.
313 860 402 921 Pauca
423 873 513 920 tamen
531 867 663 920 suberunt
682 865 786 934 priscae
805 864 928 933 vestigio
945 865 1060 929 frondis,

231 956 324 1023 Quae
342 962 451 1011 tentare
471 954 580 1009 Thetim
599 954 713 1021 ratibus,
734 970 823 1023 qnae
842 954 953 1023 cingere
973 953 1057 1008 muris

233 1044 346 1113 Oppida,
367 1061 453 1113 quae
471 1043 584 1099 inbcuut
603 1045 701 1099 tellure
720 1043 851 1099 inliudere
870 1044 966 1098 sulcos.

178 1153 241 1206 Buc.
263 1152 294 1204 V.
316 1151 357 1205 16.
397 1152 484 1207 Lenta
502 1151 573 1206 salix
593 1157 763 1220 qnantum
781 1150 897 1219 pallenti
916 1149 989 1205 cedit
1008 1149 1104 1216 olivae,

230 1240 357 1296 Puniceis
377 1241 486 1296 humilis
505 1239 670 1309 qn'entnm
690 1240 813 1295 saliunca
832 1240 939 1295 rosetis.

178 1349 244 1402 Buc.
265 1348 313 1404 VI.
332 1348 375 1402 27.
413 1348 497 1403 Tum
516 1363 581 1402 vero
601 1347 787 1402 innumerum
807 1347 969 1414 Faunosque
988 1347 1113 1414 ferasque
1134 1346 1239 1401 videres

250 1437 367 1504 Ludere,
386 1445 453 1491 tum
473 1436 578 1505 rigidas
597 1444 701 1493 motare
720 1437 860 1492 eacumina
879 1451 1002 1505 quercus.

181 1555 245 1608 Bne.
264 1553 381 1608 VI147.
410 1551 563 1607 Solstitium
582 1553 672 1622 pecori
691 1553 845 1620 delendit03
864 1553 930 1607 ianr
950 1551 1029 1606 venit
1047 1558 1139 1605 aestus

234 1641 355 1705 Torrida,
375 1643 440 1697 iem
460 1643 533 1697 laeto
553 1649 668 1711 turgent
686 1642 716 1697 in
734 1642 845 1711 palmite
865 1658 996 1711 gemmae.

181 1759 247 1813 Boc.
266 1760 336 1813 VIII
354 1759 397 1814 22.
436 1761 578 1814 Maenalus
597 1765 780 1828 argutumque
799 1776 893 1814 nemus
912 1760 1044 1829 pinosque
1063 1761 1207 1827 loquentes

235 1849 373 1918 Semper
392 1850 484 1915 habet,
503 1865 637 1919 semper
655 1858 795 1919 postorum
814 1849 860 1904 ille
879 1849 958 1904 audit
977 1865 1091 1916 amores,

182 1964 246 2018 Bnc.
266 1965 306 2018 lX
325 1965 368 2018 30.
400 1964 455 2019 Sic
476 1971 524 2019 tua
543 1965 661 2034 Cyrneas
679 1964 792 2033 fugient
810 1965 936 2019 examina
954 1971 1040 2030 taxos,

234 2053 289 2108 Sic
309 2053 396 2123 cytiso
415 2060 511 2123 pastae
530 2055 683 2109 distentent
702 2054 786 2108 ubera
805 2070 913 2109 vaccae.

181 2171 247 2225 Buc.
267 2171 290 2224 X
313 2172 351 2227 13.
391 2171 495 2226 lllunr
515 2172 622 2226 etiarn
641 2171 720 2237 lauri,
739 2170 841 2224 illurn
862 2171 969 2225 etiam
988 2171 1090 2226 flevere
1109 2171 1236 2240 myricae.

181 2259 217 2315 ib.
236 2260 279 2314 48.
533 2262 596 2327 Ah,
616 2267 644 2315 te
663 2277 697 2315 ne
716 2259 823 2328 frigora
841 2260 968 2313 laedant!

234 2351 286 2404 Ah
305 2350 357 2404 tibi
377 2367 410 2405 ne
429 2357 539 2405 teneras
558 2349 662 2416 glacies
681 2356 757 2403 secet
775 2362 873 2416 aspera
891 2348 1015 2416 plantas!

182 2465 248 2517 llet.
268 2465 308 2517 Vl
328 2466 370 2519 16.
408 2467 601 2519 Deseruere
620 2464 663 2518 sui
682 2463 816 2531 nymphae
834 2463 930 2518 vineto
948 2463 1063 2532 Tymoli,

237 2553 441 2607 Deseruere
459 2569 523 2607 snas
542 2553 676 2622 nymphae
694 2552 850 2607 Pactolides
869 2553 963 2607 undas.

181 2640 217 2696 ib.
237 2640 281 2696 39.
318 2642 352 2696 Si
372 2660 437 2711 qua
456 2641 508 2697 tibi
527 2659 611 2697 nurus
629 2649 679 2708 est,
699 2642 727 2696 si
746 2658 812 2710 qna
831 2642 943 2696 esttibi
962 2641 1026 2708 filis,
1045 2657 1135 2698 voces.

100 2761 102 2764 <
182 2730 234 2785 269
253 2731 439 2788 Mirantem
457 2733 581 2803 potuisse
599 2732 824 2800 irascentemque,
844 2733 936 2800 quod
954 2733 1015 2787 nusi

237 2822 294 2876 Hoc
313 2829 405 2877 essent
423 2823 522 2891 superi,
542 2823 633 2891 quod
653 2830 762 2877 tantum
781 2820 848 2876 iuris
867 2821 1008 2876 haberent.

182 2909 235 2964 430
254 2911 469 2966 Eumenides
488 2919 601 2966 tenuere
620 2912 695 2966 faces
715 2911 748 2965 de
761 2911 858 2966 funere
871 2917 980 2980 raptas;

237 3000 443 3052 Eumenides
462 3006 586 3053 stravere
605 3005 704 3054 torum.

184 3084 236 3138 433
255 3085 329 3138 Hac
347 3101 407 3140 ave
425 3086 561 3140 coniuncti
581 3087 690 3154 Progne
709 3087 876 3155 Tereusque,
896 3097 1023 3158 parentes

236 3175 306 3229 Hoc
324 3189 387 3228 ove
405 3179 469 3228 snut
487 3174 563 3229 facti.

183 3263 235 3318 625
256 3262 290 3318 Vi
309 3268 428 3332 superat,
448 3263 552 3317 frustra
571 3264 686 3319 clamato
706 3282 810 3334 saepe
830 3272 952 3334 parente,

239 3353 349 3421 Saepe
369 3366 460 3406 sorore
479 3368 536 3406 sne.

185 3471 249 3524 Met.
270 3470 323 3523 Vll
346 3468 412 3524 154,
442 3469 534 3536 Quae
552 3483 627 3522 mare
646 3468 795 3536 turbatum,
815 3486 886 3538 qnae
905 3471 1010 3525 concita
1028 3471 1141 3525 flumina
1160 3471 1268 3536 sistant,

186 3557 236 3611 189
256 3557 368 3612 'Perse
387 3557 530 3619 convertit,
551 3565 605 3611 ter
624 3558 739 3624 sumptis
752 3559 862 3613 flumine
882 3560 982 3614 crinem

237 3646 376 3702 Inrorerit
395 3647 481 3714 aquis.

184 3737 238 3792 208
452 3753 547 3791 currus
566 3751 671 3803 quoque
689 3735 807 3790 carmine
825 3744 918 3793 nostro

238 3828 352 3882 Pallet
371 3827 431 3894 avi3
450 3826 562 3895 pollet
581 3824 683 3879 nostris
702 3827 808 3882 Annona
826 3827 947 3882 venenis.

240 3916 306 3971 Vos
324 3917 391 3971 mihi
410 3924 550 3971 taurorum
569 3915 692 3971 flammas
712 3916 872 3982 hebetastis,
892 3922 921 3971 et
939 3934 1008 3972 unco

239 4004 387 4072 Impatiens
407 4006 496 4059 oneris
516 4006 611 4059 collum
631 4005 770 4074 pressistis
783 4014 883 4061 aratro.

239 4093 308 4147 Vos
328 4093 528 4162 serpentigenis
546 4094 573 4148 in
594 4111 622 4148 se
642 4097 703 4150 fere
721 4096 793 4151 bella
813 4096 935 4151 dedistis.

184 4183 237 4237 228
256 4183 369 4237 llulto
388 4199 525 4251 quoqne
544 4185 662 4252 Apidani
681 4186 842 4253 placuerunt
860 4186 987 4254 gramina
1005 4187 1072 4256 ripis

238 4271 349 4326 hinlta
368 4288 505 4340 quoque
525 4273 679 4342 Amphrysi.
726 4279 728 4283 ’

184 4362 237 4422 255
256 4361 343 4419 Hinc
361 4362 480 4436 procul
500 4362 662 4431 Aesoniden,
680 4365 802 4437 procul
821 4365 901 4426 hinc
919 4364 997 4425 iubat
1014 4366 1055 4425 ire
1073 4365 1220 4423 ministros.
