<?xml version="1.0" encoding="UTF-8"?>
<!DOCTYPE html PUBLIC "-//W3C//DTD XHTML 1.0 Transitional//EN"
    "http://www.w3.org/TR/xhtml1/DTD/xhtml1-transitional.dtd">
<html xmlns="http://www.w3.org/1999/xhtml" xml:lang="en" lang="en">
 <head>
  <title>
</title>
<meta http-equiv="Content-Type" content="text/html;charset=utf-8" />
  <meta name='ocr-system' content='tesseract 3.04.00' />
  <meta name='ocr-capabilities' content='ocr_page ocr_carea ocr_par ocr_line ocrx_word'/>
</head>
<body>
  <div class='ocr_page' id='page_1' title='image "./deanaphorainexe00ottogoog_0056.png"; bbox 0 0 3052 4876; ppageno 0'>
   <div class='ocr_carea' id='block_1_1' title="bbox 620 227 817 312">
    <p class='ocr_par' dir='ltr' id='par_1_1' title="bbox 620 227 817 312">
     <span class='ocr_line' id='line_1_1' title="bbox 620 227 817 312; baseline 0.01 -18"><span class='ocrx_word' id='word_1_1' title='bbox 620 227 817 312; x_wconf 54' lang='grc'><strong>...41-</strong></span> 
     </span>
    </p>
   </div>
   <div class='ocr_carea' id='block_1_2' title="bbox 131 405 1312 1793">
    <p class='ocr_par' dir='ltr' id='par_1_2' title="bbox 131 405 1312 1793">
     <span class='ocr_line' id='line_1_2' title="bbox 131 405 1307 509; baseline 0 -19"><span class='ocrx_word' id='word_1_2' title='bbox 131 416 275 490; x_wconf 69' lang='lat' dir='ltr'>&#39;thenem</span> <span class='ocrx_word' id='word_1_3' title='bbox 299 427 335 488; x_wconf 88' lang='lat' dir='ltr'>et</span> <span class='ocrx_word' id='word_1_4' title='bbox 357 421 568 507; x_wconf 81' lang='lat' dir='ltr'>Ciceronem,</span> <span class='ocrx_word' id='word_1_5' title='bbox 593 425 650 489; x_wconf 90' lang='lat' dir='ltr'>ubi</span> <span class='ocrx_word' id='word_1_6' title='bbox 675 425 719 489; x_wconf 91' lang='lat' dir='ltr'>de</span> <span class='ocrx_word' id='word_1_7' title='bbox 742 425 919 503; x_wconf 83' lang='lat' dir='ltr'>anaphora</span> <span class='ocrx_word' id='word_1_8' title='bbox 942 425 1022 506; x_wconf 72' lang='lat' dir='ltr'>agit,</span> <span class='ocrx_word' id='word_1_9' title='bbox 1036 425 1060 509; x_wconf 89' lang='lat'>¹)</span> <span class='ocrx_word' id='word_1_10' title='bbox 1085 406 1136 489; x_wconf 85' lang='lat' dir='ltr'>sic</span> <span class='ocrx_word' id='word_1_11' title='bbox 1159 405 1307 491; x_wconf 70' lang='lat' dir='ltr'>iudicat}</span> 
     </span>
     <span class='ocr_line' id='line_1_3' title="bbox 135 530 1308 614; baseline 0.001 -17"><span class='ocrx_word' id='word_1_12' title='bbox 135 532 336 610; x_wconf 84' lang='lat' dir='ltr'>,Verborum</span> <span class='ocrx_word' id='word_1_13' title='bbox 382 530 510 614; x_wconf 80' lang='lat' dir='ltr'>autem,</span> <span class='ocrx_word' id='word_1_14' title='bbox 557 548 647 611; x_wconf 88' lang='lat' dir='ltr'>quae</span> <span class='ocrx_word' id='word_1_15' title='bbox 693 535 894 611; x_wconf 90' lang='lat' dir='ltr'>repetuntur</span> <span class='ocrx_word' id='word_1_16' title='bbox 949 533 1092 597; x_wconf 89' lang='lat' dir='ltr'>nomina</span> <span class='ocrx_word' id='word_1_17' title='bbox 1143 533 1308 598; x_wconf 78' lang='lat' dir='ltr'>maxime</span> 
     </span>
     <span class='ocr_line' id='line_1_4' title="bbox 136 639 1309 721; baseline 0.001 -16"><span class='ocrx_word' id='word_1_18' title='bbox 136 656 203 721; x_wconf 88' lang='lat' dir='ltr'>que</span> <span class='ocrx_word' id='word_1_19' title='bbox 215 640 352 719; x_wconf 87' lang='lat' dir='ltr'>propria</span> <span class='ocrx_word' id='word_1_20' title='bbox 363 639 549 721; x_wconf 89' lang='lat' dir='ltr'>rarissima,</span> <span class='ocrx_word' id='word_1_21' title='bbox 565 639 771 719; x_wconf 86' lang='lat' dir='ltr'>pronomina</span> <span class='ocrx_word' id='word_1_22' title='bbox 784 641 900 704; x_wconf 89' lang='lat' dir='ltr'>autern</span> <span class='ocrx_word' id='word_1_23' title='bbox 916 643 951 704; x_wconf 89' lang='lat' dir='ltr'>et</span> <span class='ocrx_word' id='word_1_24' title='bbox 963 639 1134 720; x_wconf 86' lang='lat' dir='ltr'>quaedam</span> <span class='ocrx_word' id='word_1_25' title='bbox 1147 640 1309 706; x_wconf 81' lang='lat' dir='ltr'>coniunc</span> 
     </span>
     <span class='ocr_line' id='line_1_5' title="bbox 134 742 1310 826; baseline 0.003 -16"><span class='ocrx_word' id='word_1_26' title='bbox 134 748 248 811; x_wconf 89' lang='lat' dir='ltr'>tiones</span> <span class='ocrx_word' id='word_1_27' title='bbox 268 749 304 811; x_wconf 90' lang='lat' dir='ltr'>et</span> <span class='ocrx_word' id='word_1_28' title='bbox 327 747 515 826; x_wconf 81' lang='lat' dir='ltr'>particulae</span> <span class='ocrx_word' id='word_1_29' title='bbox 532 747 760 811; x_wconf 81' lang='lat' dir='ltr'>creberrimae</span> <span class='ocrx_word' id='word_1_30' title='bbox 780 747 815 810; x_wconf 90' lang='lat' dir='ltr'>in</span> <span class='ocrx_word' id='word_1_31' title='bbox 841 747 907 812; x_wconf 89' lang='lat' dir='ltr'>bac</span> <span class='ocrx_word' id='word_1_32' title='bbox 925 747 1060 812; x_wconf 87' lang='lat' dir='ltr'>ratione</span> <span class='ocrx_word' id='word_1_33' title='bbox 1088 742 1170 812; x_wconf 83' lang='lat' dir='ltr'>esse&#39;</span> <span class='ocrx_word' id='word_1_34' title='bbox 1189 747 1310 813; x_wconf 86' lang='lat' dir='ltr'>viden·</span> 
     </span>
     <span class='ocr_line' id='line_1_6' title="bbox 134 852 1309 937; baseline 0.001 -18"><span class='ocrx_word' id='word_1_35' title='bbox 134 857 205 919; x_wconf 65' lang='lat' dir='ltr'>tur!</span> <span class='ocrx_word' id='word_1_36' title='bbox 252 853 511 934; x_wconf 82' lang='lat' dir='ltr'>Peropportune</span> <span class='ocrx_word' id='word_1_37' title='bbox 542 854 675 937; x_wconf 63' lang='lat' dir='ltr'>accidit,</span> <span class='ocrx_word' id='word_1_38' title='bbox 710 854 805 934; x_wconf 90' lang='lat' dir='ltr'>quod</span> <span class='ocrx_word' id='word_1_39' title='bbox 828 870 899 919; x_wconf 91' lang='lat' dir='ltr'>non</span> <span class='ocrx_word' id='word_1_40' title='bbox 923 855 1037 919; x_wconf 89' lang='lat' dir='ltr'>solum</span> <span class='ocrx_word' id='word_1_41' title='bbox 1068 854 1162 933; x_wconf 91' lang='lat' dir='ltr'>apud</span> <span class='ocrx_word' id='word_1_42' title='bbox 1183 852 1309 920; x_wconf 71' lang='lat' dir='ltr'>Demo</span> 
     </span>
     <span class='ocr_line' id='line_1_7' title="bbox 136 958 1310 1027; baseline 0 -1"><span class='ocrx_word' id='word_1_43' title='bbox 136 963 295 1026; x_wconf 89' lang='lat' dir='ltr'>sthenem</span> <span class='ocrx_word' id='word_1_44' title='bbox 320 964 355 1026; x_wconf 91' lang='lat' dir='ltr'>et</span> <span class='ocrx_word' id='word_1_45' title='bbox 378 958 577 1027; x_wconf 86' lang='lat' dir='ltr'>Ciceronem</span> <span class='ocrx_word' id='word_1_46' title='bbox 602 962 653 1026; x_wconf 92' lang='lat' dir='ltr'>sic</span> <span class='ocrx_word' id='word_1_47' title='bbox 682 976 763 1026; x_wconf 91' lang='lat' dir='ltr'>esse</span> <span class='ocrx_word' id='word_1_48' title='bbox 787 961 1094 1026; x_wconf 86' lang='lat' dir='ltr'>animadvertimus</span> <span class='ocrx_word' id='word_1_49' title='bbox 1118 960 1310 1026; x_wconf 90' lang='lat' dir='ltr'>sedetiam</span> 
     </span>
     <span class='ocr_line' id='line_1_8' title="bbox 134 1064 1310 1149; baseline -0.001 -16"><span class='ocrx_word' id='word_1_50' title='bbox 134 1070 170 1133; x_wconf 92' lang='lat' dir='ltr'>in</span> <span class='ocrx_word' id='word_1_51' title='bbox 201 1069 409 1135; x_wconf 87' lang='lat' dir='ltr'>carminibus</span> <span class='ocrx_word' id='word_1_52' title='bbox 442 1067 584 1149; x_wconf 81' lang='lat' dir='ltr'>Vergilii</span> <span class='ocrx_word' id='word_1_53' title='bbox 616 1071 652 1133; x_wconf 89' lang='lat' dir='ltr'>et</span> <span class='ocrx_word' id='word_1_54' title='bbox 685 1064 807 1133; x_wconf 88' lang='lat' dir='ltr'>Ovidii</span> <span class='ocrx_word' id='word_1_55' title='bbox 862 1065 1079 1148; x_wconf 88' lang='lat' dir='ltr'>Quapropter</span> <span class='ocrx_word' id='word_1_56' title='bbox 1112 1084 1184 1133; x_wconf 92' lang='lat' dir='ltr'>non</span> <span class='ocrx_word' id='word_1_57' title='bbox 1217 1068 1310 1134; x_wconf 87' lang='lat' dir='ltr'>ialso</span> 
     </span>
     <span class='ocr_line' id='line_1_9' title="bbox 135 1175 1310 1260; baseline -0.001 -19"><span class='ocrx_word' id='word_1_58' title='bbox 135 1177 354 1242; x_wconf 91' lang='lat' dir='ltr'>contenderis</span> <span class='ocrx_word' id='word_1_59' title='bbox 377 1175 459 1241; x_wconf 91' lang='lat' dir='ltr'>illud</span> <span class='ocrx_word' id='word_1_60' title='bbox 477 1175 616 1241; x_wconf 90' lang='lat' dir='ltr'>tertium</span> <span class='ocrx_word' id='word_1_61' title='bbox 638 1176 886 1240; x_wconf 87' lang='lat' dir='ltr'>vocabulorum</span> <span class='ocrx_word' id='word_1_62' title='bbox 910 1190 1023 1260; x_wconf 80' lang='lat' dir='ltr'>genus</span> <span class='ocrx_word' id='word_1_63' title='bbox 1041 1191 1061 1240; x_wconf 90' lang='lat' dir='ltr'>a</span> <span class='ocrx_word' id='word_1_64' title='bbox 1076 1175 1310 1255; x_wconf 83' lang='lat' dir='ltr'>grammaticis</span> 
     </span>
     <span class='ocr_line' id='line_1_10' title="bbox 133 1282 1312 1367; baseline -0.002 -17"><span class='ocrx_word' id='word_1_65' title='bbox 133 1285 287 1367; x_wconf 84' lang='lat' dir='ltr'>generali</span> <span class='ocrx_word' id='word_1_66' title='bbox 301 1284 443 1349; x_wconf 90' lang='lat' dir='ltr'>nomine</span> <span class='ocrx_word' id='word_1_67' title='bbox 457 1282 699 1363; x_wconf 87' lang='lat' dir='ltr'>particularum</span> <span class='ocrx_word' id='word_1_68' title='bbox 715 1283 924 1362; x_wconf 87' lang='lat' dir='ltr'>appellatum</span> <span class='ocrx_word' id='word_1_69' title='bbox 941 1282 1138 1362; x_wconf 89' lang='lat' dir='ltr'>anaphorae</span> <span class='ocrx_word' id='word_1_70' title='bbox 1161 1283 1312 1348; x_wconf 88' lang='lat' dir='ltr'>maxime</span> 
     </span>
     <span class='ocr_line' id='line_1_11' title="bbox 133 1389 1311 1475; baseline -0.003 -19"><span class='ocrx_word' id='word_1_71' title='bbox 133 1392 264 1475; x_wconf 84' lang='lat' dir='ltr'>iavere,</span> <span class='ocrx_word' id='word_1_72' title='bbox 286 1391 429 1455; x_wconf 91' lang='lat' dir='ltr'>nomina</span> <span class='ocrx_word' id='word_1_73' title='bbox 446 1391 496 1454; x_wconf 86' lang='lat' dir='ltr'>eis</span> <span class='ocrx_word' id='word_1_74' title='bbox 514 1406 584 1454; x_wconf 93' lang='lat' dir='ltr'>non</span> <span class='ocrx_word' id='word_1_75' title='bbox 609 1391 755 1454; x_wconf 91' lang='lat' dir='ltr'>multum</span> <span class='ocrx_word' id='word_1_76' title='bbox 772 1389 904 1471; x_wconf 87' lang='lat' dir='ltr'>cedere,</span> <span class='ocrx_word' id='word_1_77' title='bbox 921 1389 1027 1453; x_wconf 89' lang='lat' dir='ltr'>verba</span> <span class='ocrx_word' id='word_1_78' title='bbox 1043 1391 1160 1454; x_wconf 91' lang='lat' dir='ltr'>autem</span> <span class='ocrx_word' id='word_1_79' title='bbox 1176 1389 1311 1455; x_wconf 88' lang='lat' dir='ltr'>illarum</span> 
     </span>
     <span class='ocr_line' id='line_1_12' title="bbox 134 1494 1311 1580; baseline -0.003 -16"><span class='ocrx_word' id='word_1_80' title='bbox 134 1515 316 1564; x_wconf 91' lang='lat' dir='ltr'>numerum</span> <span class='ocrx_word' id='word_1_81' title='bbox 348 1513 487 1578; x_wconf 89' lang='lat' dir='ltr'>perraro</span> <span class='ocrx_word' id='word_1_82' title='bbox 520 1497 726 1577; x_wconf 86' lang='lat' dir='ltr'>adaequare.</span> <span class='ocrx_word' id='word_1_83' title='bbox 770 1494 857 1561; x_wconf 89' lang='lat' dir='ltr'>Sunt</span> <span class='ocrx_word' id='word_1_84' title='bbox 889 1499 1014 1578; x_wconf 86' lang='lat' dir='ltr'>autern,</span> <span class='ocrx_word' id='word_1_85' title='bbox 1037 1499 1076 1561; x_wconf 91' lang='lat' dir='ltr'>ut</span> <span class='ocrx_word' id='word_1_86' title='bbox 1099 1512 1144 1561; x_wconf 86' lang='lat' dir='ltr'>ex</span> <span class='ocrx_word' id='word_1_87' title='bbox 1166 1497 1311 1580; x_wconf 88' lang='lat' dir='ltr'>tabellis,</span> 
     </span>
     <span class='ocr_line' id='line_1_13' title="bbox 137 1603 1312 1688; baseline -0.004 -16"><span class='ocrx_word' id='word_1_88' title='bbox 137 1622 223 1688; x_wconf 87' lang='lat' dir='ltr'>quas</span> <span class='ocrx_word' id='word_1_89' title='bbox 240 1607 433 1688; x_wconf 89' lang='lat' dir='ltr'>interpono,</span> <span class='ocrx_word' id='word_1_90' title='bbox 449 1604 668 1685; x_wconf 84' lang='lat' dir='ltr'>intellegitur,</span> <span class='ocrx_word' id='word_1_91' title='bbox 694 1604 800 1666; x_wconf 89' lang='lat' dir='ltr'>verba</span> <span class='ocrx_word' id='word_1_92' title='bbox 817 1603 1025 1682; x_wconf 91' lang='lat' dir='ltr'>plerumque·</span> <span class='ocrx_word' id='word_1_93' title='bbox 1036 1603 1221 1683; x_wconf 90' lang='lat' dir='ltr'>quincuplo</span> <span class='ocrx_word' id='word_1_94' title='bbox 1238 1603 1312 1668; x_wconf 87' lang='lat' dir='ltr'>iere</span> 
     </span>
     <span class='ocr_line' id='line_1_14' title="bbox 135 1711 612 1793; baseline -0.004 -15"><span class='ocrx_word' id='word_1_95' title='bbox 135 1715 265 1779; x_wconf 88' lang='lat' dir='ltr'>rariora</span> <span class='ocrx_word' id='word_1_96' title='bbox 289 1729 392 1793; x_wconf 88' lang='lat' dir='ltr'>quam</span> <span class='ocrx_word' id='word_1_97' title='bbox 416 1711 612 1791; x_wconf 88' lang='lat' dir='ltr'>particulae.</span> 
     </span>
    </p>
   </div>
   <div class='ocr_carea' id='block_1_3' title="bbox 538 1963 801 2044">
    <p class='ocr_par' dir='ltr' id='par_1_3' title="bbox 538 1963 801 2044">
     <span class='ocr_line' id='line_1_15' title="bbox 538 1963 801 2044; baseline 0.011 -3"><span class='ocrx_word' id='word_1_98' title='bbox 538 1963 801 2044; x_wconf 84' lang='lat' dir='ltr'>Tabeiia.</span> 
     </span>
    </p>
   </div>
   <div class='ocr_carea' id='block_1_4' title="bbox 601 2213 1171 2285">
    <p class='ocr_par' dir='ltr' id='par_1_4' title="bbox 601 2213 1171 2285">
     <span class='ocr_line' id='line_1_16' title="bbox 601 2213 1171 2285; baseline -0.004 -15"><span class='ocrx_word' id='word_1_99' title='bbox 601 2216 808 2284; x_wconf 82' lang='lat' dir='ltr'>Ancphorae</span> <span class='ocrx_word' id='word_1_100' title='bbox 834 2231 920 2285; x_wconf 86' lang='lat' dir='ltr'>quae</span> <span class='ocrx_word' id='word_1_101' title='bbox 946 2213 1171 2270; x_wconf 76' lang='lat' dir='ltr'>efficiuntur</span> 
     </span>
    </p>
   </div>
   <div class='ocr_carea' id='block_1_5' title="bbox 466 2337 1284 2480">
    <p class='ocr_par' dir='ltr' id='par_1_5' title="bbox 466 2337 1284 2480">
     <span class='ocr_line' id='line_1_17' title="bbox 466 2337 1284 2480; baseline 0.001 -50"><span class='ocrx_word' id='word_1_102' title='bbox 466 2376 625 2432; x_wconf 87' lang='lat' dir='ltr'>Nominibus</span> <span class='ocrx_word' id='word_1_103' title='bbox 709 2338 712 2478; x_wconf 45' lang='lat'><em>1</em></span> <span class='ocrx_word' id='word_1_104' title='bbox 832 2375 930 2432; x_wconf 80' lang='lat' dir='ltr'>Verbis</span> <span class='ocrx_word' id='word_1_105' title='bbox 1041 2337 1044 2480; x_wconf 84' lang='grc' dir='ltr'>Ι</span> <span class='ocrx_word' id='word_1_106' title='bbox 1137 2373 1284 2431; x_wconf 81' lang='lat' dir='ltr'>Perticalis</span> 
     </span>
    </p>
   </div>
   <div class='ocr_carea' id='block_1_6' title="bbox 84 2572 1368 4137">
    <p class='ocr_par' dir='ltr' id='par_1_6' title="bbox 84 2572 1169 2643">
     <span class='ocr_line' id='line_1_18' title="bbox 84 2572 1169 2643; baseline 0 -15"><span class='ocrx_word' id='word_1_107' title='bbox 84 2574 168 2643; x_wconf 80' lang='lat' dir='ltr'>Verg.</span> <span class='ocrx_word' id='word_1_108' title='bbox 188 2574 255 2632; x_wconf 83' lang='lat' dir='ltr'>Aen.</span> <span class='ocrx_word' id='word_1_109' title='bbox 274 2572 312 2627; x_wconf 92' lang='lat' dir='ltr'>lib</span> <span class='ocrx_word' id='word_1_110' title='bbox 341 2573 363 2628; x_wconf 92' lang='lat' dir='ltr'>I.</span> <span class='ocrx_word' id='word_1_111' title='bbox 422 2572 439 2625; x_wconf 88' lang='lat'><strong>9</strong></span> <span class='ocrx_word' id='word_1_112' title='bbox 459 2578 509 2625; x_wconf 91' lang='lat' dir='ltr'>tot.</span> <span class='ocrx_word' id='word_1_113' title='bbox 717 2572 767 2626; x_wconf 98' lang='grc'>421</span> <span class='ocrx_word' id='word_1_114' title='bbox 787 2572 910 2627; x_wconf 83' lang='lat' dir='ltr'>miratur.</span> <span class='ocrx_word' id='word_1_115' title='bbox 1066 2573 1099 2628; x_wconf 87' lang='grc'><strong>16</strong></span> <span class='ocrx_word' id='word_1_116' title='bbox 1118 2572 1169 2628; x_wconf 89' lang='lat' dir='ltr'>hic.</span> 
     </span>
    </p>

    <p class='ocr_par' dir='ltr' id='par_1_7' title="bbox 403 2641 1150 2700">
     <span class='ocr_line' id='line_1_19' title="bbox 403 2641 1150 2700; baseline 0.004 -4"><span class='ocrx_word' id='word_1_117' title='bbox 403 2641 439 2696; x_wconf 90' lang='grc'>78</span> <span class='ocrx_word' id='word_1_118' title='bbox 457 2648 495 2697; x_wconf 89' lang='lat' dir='ltr'>tn.</span> <span class='ocrx_word' id='word_1_119' title='bbox 717 2642 767 2697; x_wconf 83' lang='lat'>461</span> <span class='ocrx_word' id='word_1_120' title='bbox 787 2650 860 2698; x_wconf 89' lang='lat' dir='ltr'>sunt.</span> <span class='ocrx_word' id='word_1_121' title='bbox 1064 2645 1099 2700; x_wconf 87' lang='grc'>94</span> <span class='ocrx_word' id='word_1_122' title='bbox 1118 2644 1150 2699; x_wconf 93' lang='grc'>0.</span> 
     </span>
    </p>

    <p class='ocr_par' dir='ltr' id='par_1_8' title="bbox 387 2712 1172 2773">
     <span class='ocr_line' id='line_1_20' title="bbox 387 2712 1172 2773; baseline 0 -3"><span class='ocrx_word' id='word_1_123' title='bbox 387 2714 438 2770; x_wconf 83' lang='grc'><strong>106</strong></span> <span class='ocrx_word' id='word_1_124' title='bbox 456 2720 521 2768; x_wconf 79' lang='lat' dir='ltr'>tres.</span> <span class='ocrx_word' id='word_1_125' title='bbox 715 2712 768 2768; x_wconf 91' lang='grc'>709</span> <span class='ocrx_word' id='word_1_126' title='bbox 787 2713 928 2770; x_wconf 77' lang='lat' dir='ltr'>mirantur.</span> <span class='ocrx_word' id='word_1_127' title='bbox 1063 2715 1098 2773; x_wconf 90' lang='grc'>99</span> <span class='ocrx_word' id='word_1_128' title='bbox 1115 2715 1172 2772; x_wconf 87' lang='lat' dir='ltr'>nbi.</span> 
     </span>
    </p>

    <p class='ocr_par' dir='ltr' id='par_1_9' title="bbox 386 2787 1177 2855">
     <span class='ocr_line' id='line_1_21' title="bbox 386 2787 1177 2855; baseline -0.003 -13"><span class='ocrx_word' id='word_1_129' title='bbox 386 2787 434 2842; x_wconf 91' lang='grc'>121</span> <span class='ocrx_word' id='word_1_130' title='bbox 457 2802 517 2855; x_wconf 85' lang='lat' dir='ltr'>que.</span> <span class='ocrx_word' id='word_1_131' title='bbox 1047 2788 1099 2843; x_wconf 93' lang='grc'>120</span> <span class='ocrx_word' id='word_1_132' title='bbox 1116 2788 1177 2842; x_wconf 88' lang='lat' dir='ltr'>iarn.</span> 
     </span>
    </p>

    <p class='ocr_par' dir='ltr' id='par_1_10' title="bbox 385 2858 1151 2915">
     <span class='ocr_line' id='line_1_22' title="bbox 385 2858 1151 2915; baseline 0 -2"><span class='ocrx_word' id='word_1_133' title='bbox 385 2858 437 2913; x_wconf 97' lang='grc'><strong>200</strong></span> <span class='ocrx_word' id='word_1_134' title='bbox 455 2875 513 2913; x_wconf 88' lang='lat' dir='ltr'>vos.</span> <span class='ocrx_word' id='word_1_135' title='bbox 1048 2859 1099 2915; x_wconf 90' lang='grc'>198</span> <span class='ocrx_word' id='word_1_136' title='bbox 1121 2859 1151 2914; x_wconf 93' lang='grc'>0.</span> 
     </span>
    </p>

    <p class='ocr_par' dir='ltr' id='par_1_11' title="bbox 384 2929 1174 3000">
     <span class='ocr_line' id='line_1_23' title="bbox 384 2929 1174 3000; baseline 0.001 -16"><span class='ocrx_word' id='word_1_137' title='bbox 384 2929 437 2984; x_wconf 93' lang='grc'>222</span> <span class='ocrx_word' id='word_1_138' title='bbox 456 2932 616 2998; x_wconf 73' lang='lat' dir='ltr'>fortemque.</span> <span class='ocrx_word' id='word_1_139' title='bbox 1046 2929 1100 2986; x_wconf 92' lang='grc'><strong>204</strong></span> <span class='ocrx_word' id='word_1_140' title='bbox 1119 2946 1174 3000; x_wconf 87' lang='lat' dir='ltr'>per.</span> 
     </span>
    </p>

    <p class='ocr_par' dir='ltr' id='par_1_12' title="bbox 386 2998 1187 3066">
     <span class='ocr_line' id='line_1_24' title="bbox 386 2998 1187 3066; baseline 0.005 -14"><span class='ocrx_word' id='word_1_141' title='bbox 386 2998 437 3052; x_wconf 85' lang='grc'>231</span> <span class='ocrx_word' id='word_1_142' title='bbox 458 2999 531 3066; x_wconf 87' lang='lat' dir='ltr'>qnid.</span> <span class='ocrx_word' id='word_1_143' title='bbox 1045 3002 1098 3058; x_wconf 82' lang='lat'>234</span> <span class='ocrx_word' id='word_1_144' title='bbox 1117 3001 1187 3057; x_wconf 89' lang='lat' dir='ltr'>hinc.</span> 
     </span>
    </p>

    <p class='ocr_par' dir='ltr' id='par_1_13' title="bbox 387 3068 1255 3142">
     <span class='ocr_line' id='line_1_25' title="bbox 387 3068 1255 3142; baseline 0.006 -21"><span class='ocrx_word' id='word_1_145' title='bbox 387 3068 439 3122; x_wconf 87' lang='grc'><strong>236</strong></span> <span class='ocrx_word' id='word_1_146' title='bbox 457 3069 512 3136; x_wconf 85' lang='lat' dir='ltr'>qui.</span> <span class='ocrx_word' id='word_1_147' title='bbox 1046 3073 1099 3130; x_wconf 90' lang='grc'>298</span> <span class='ocrx_word' id='word_1_148' title='bbox 1117 3080 1255 3142; x_wconf 67' lang='lat' dir='ltr'>euntque.</span> 
     </span>
    </p>

    <p class='ocr_par' dir='ltr' id='par_1_14' title="bbox 386 3138 1153 3206">
     <span class='ocr_line' id='line_1_26' title="bbox 386 3138 1153 3206; baseline 0.01 -14"><span class='ocrx_word' id='word_1_149' title='bbox 386 3139 438 3192; x_wconf 90' lang='grc'><strong>315</strong></span> <span class='ocrx_word' id='word_1_150' title='bbox 457 3138 583 3206; x_wconf 78' lang='lat' dir='ltr'>virginis.</span> <span class='ocrx_word' id='word_1_151' title='bbox 1046 3145 1098 3200; x_wconf 89' lang='grc'><strong>327</strong></span> <span class='ocrx_word' id='word_1_152' title='bbox 1121 3146 1153 3200; x_wconf 94' lang='grc'>0.</span> 
     </span>
    </p>

    <p class='ocr_par' dir='ltr' id='par_1_15' title="bbox 387 3208 1162 3277">
     <span class='ocr_line' id='line_1_27' title="bbox 387 3208 1162 3277; baseline 0.013 -16"><span class='ocrx_word' id='word_1_153' title='bbox 387 3209 440 3263; x_wconf 87' lang='grc'>450</span> <span class='ocrx_word' id='word_1_154' title='bbox 458 3210 508 3263; x_wconf 89' lang='lat' dir='ltr'>hoc</span> <span class='ocrx_word' id='word_1_155' title='bbox 526 3208 650 3277; x_wconf 89' lang='lat' dir='ltr'>primum.</span> <span class='ocrx_word' id='word_1_156' title='bbox 1047 3216 1100 3269; x_wconf 89' lang='grc'>329</span> <span class='ocrx_word' id='word_1_157' title='bbox 1118 3232 1162 3271; x_wconf 86' lang='lat' dir='ltr'>an.</span> 
     </span>
    </p>

    <p class='ocr_par' dir='ltr' id='par_1_16' title="bbox 387 3279 1191 3348">
     <span class='ocr_line' id='line_1_28' title="bbox 387 3279 1191 3348; baseline 0.009 -14"><span class='ocrx_word' id='word_1_158' title='bbox 387 3279 439 3335; x_wconf 92' lang='grc'>565</span> <span class='ocrx_word' id='word_1_159' title='bbox 458 3280 527 3348; x_wconf 86' lang='lat' dir='ltr'>quis.</span> <span class='ocrx_word' id='word_1_160' title='bbox 1046 3285 1100 3340; x_wconf 88' lang='grc'>453</span> <span class='ocrx_word' id='word_1_161' title='bbox 1118 3286 1191 3342; x_wconf 90' lang='lat' dir='ltr'>dum.</span> 
     </span>
    </p>

    <p class='ocr_par' dir='ltr' id='par_1_17' title="bbox 387 3351 1158 3418">
     <span class='ocr_line' id='line_1_29' title="bbox 387 3351 1158 3418; baseline 0.009 -12"><span class='ocrx_word' id='word_1_162' title='bbox 387 3351 440 3407; x_wconf 89' lang='grc'>612</span> <span class='ocrx_word' id='word_1_163' title='bbox 458 3354 617 3418; x_wconf 81' lang='lat' dir='ltr'>fortemque.</span> <span class='ocrx_word' id='word_1_164' title='bbox 1048 3355 1099 3412; x_wconf 89' lang='grc'>486</span> <span class='ocrx_word' id='word_1_165' title='bbox 1119 3364 1158 3413; x_wconf 85' lang='lat' dir='ltr'>ut.</span> 
     </span>
    </p>

    <p class='ocr_par' dir='ltr' id='par_1_18' title="bbox 387 3422 1189 3483">
     <span class='ocr_line' id='line_1_30' title="bbox 387 3422 1189 3483; baseline 0.007 -6"><span class='ocrx_word' id='word_1_166' title='bbox 387 3422 439 3478; x_wconf 89' lang='grc'>634</span> <span class='ocrx_word' id='word_1_167' title='bbox 457 3430 574 3478; x_wconf 87' lang='lat' dir='ltr'>centum.</span> <span class='ocrx_word' id='word_1_168' title='bbox 1047 3427 1099 3482; x_wconf 87' lang='grc'>494</span> <span class='ocrx_word' id='word_1_169' title='bbox 1117 3428 1189 3483; x_wconf 89' lang='lat' dir='ltr'>dum.</span> 
     </span>
    </p>

    <p class='ocr_par' dir='ltr' id='par_1_19' title="bbox 386 3496 1209 3555">
     <span class='ocr_line' id='line_1_31' title="bbox 386 3496 1209 3555; baseline 0.006 -5"><span class='ocrx_word' id='word_1_170' title='bbox 386 3496 440 3550; x_wconf 91' lang='grc'>664</span> <span class='ocrx_word' id='word_1_171' title='bbox 457 3501 531 3550; x_wconf 85' lang='lat' dir='ltr'>neto.</span> <span class='ocrx_word' id='word_1_172' title='bbox 1047 3499 1101 3552; x_wconf 92' lang='grc'><strong>513</strong></span> <span class='ocrx_word' id='word_1_173' title='bbox 1119 3499 1209 3555; x_wconf 84' lang='lat' dir='ltr'>simul.</span> 
     </span>
    </p>

    <p class='ocr_par' dir='ltr' id='par_1_20' title="bbox 387 3566 1368 4137">
     <span class='ocr_line' id='line_1_32' title="bbox 387 3566 1229 3639; baseline 0.006 -19"><span class='ocrx_word' id='word_1_174' title='bbox 387 3566 439 3621; x_wconf 92' lang='grc'><strong>717</strong></span> <span class='ocrx_word' id='word_1_175' title='bbox 458 3568 533 3621; x_wconf 76' lang='lat' dir='ltr'>haec,</span> <span class='ocrx_word' id='word_1_176' title='bbox 1048 3568 1100 3623; x_wconf 91' lang='grc'>537</span> <span class='ocrx_word' id='word_1_177' title='bbox 1119 3586 1229 3639; x_wconf 89' lang='lat' dir='ltr'>perque.</span> 
     </span>
     <span class='ocr_line' id='line_1_33' title="bbox 1047 3639 1152 3695; baseline 0.029 -3"><span class='ocrx_word' id='word_1_178' title='bbox 1047 3639 1101 3694; x_wconf 85' lang='grc'>546</span> <span class='ocrx_word' id='word_1_179' title='bbox 1121 3640 1152 3695; x_wconf 84' lang='lat' dir='ltr'>ai.</span> 
     </span>
     <span class='ocr_line' id='line_1_34' title="bbox 1048 3711 1368 3781; baseline 0.013 -17"><span class='ocrx_word' id='word_1_180' title='bbox 1048 3711 1101 3764; x_wconf 90' lang='grc'>603</span> <span class='ocrx_word' id='word_1_181' title='bbox 1119 3711 1142 3765; x_wconf 86' lang='lat' dir='ltr'>si</span> <span class='ocrx_word' id='word_1_182' title='bbox 1162 3712 1275 3780; x_wconf 84' lang='lat' dir='ltr'>qna-si</span> <span class='ocrx_word' id='word_1_183' title='bbox 1294 3713 1368 3781; x_wconf 85' lang='lat' dir='ltr'>quid.</span> 
     </span>
     <span class='ocr_line' id='line_1_35' title="bbox 1048 3781 1191 3837; baseline 0.014 -2"><span class='ocrx_word' id='word_1_184' title='bbox 1048 3781 1100 3835; x_wconf 87' lang='grc'>607</span> <span class='ocrx_word' id='word_1_185' title='bbox 1120 3782 1191 3837; x_wconf 85' lang='lat' dir='ltr'>dum.</span> 
     </span>
     <span class='ocr_line' id='line_1_36' title="bbox 1048 3851 1234 3918; baseline 0 -11"><span class='ocrx_word' id='word_1_186' title='bbox 1048 3851 1128 3918; x_wconf 83' lang='grc'><strong>63112</strong></span> <span class='ocrx_word' id='word_1_187' title='bbox 1146 3853 1234 3908; x_wconf 89' lang='lat' dir='ltr'>simul.</span> 
     </span>
     <span class='ocr_line' id='line_1_37' title="bbox 1047 3923 1226 3990; baseline -0.006 -11"><span class='ocrx_word' id='word_1_188' title='bbox 1047 3923 1145 3990; x_wconf 71' lang='grc'>697199</span> <span class='ocrx_word' id='word_1_189' title='bbox 1163 3924 1226 3979; x_wconf 87' lang='lat' dir='ltr'>iam.</span> 
     </span>
     <span class='ocr_line' id='line_1_38' title="bbox 1048 3994 1200 4051; baseline -0.007 0"><span class='ocrx_word' id='word_1_190' title='bbox 1048 3994 1101 4051; x_wconf 86' lang='grc'>743</span> <span class='ocrx_word' id='word_1_191' title='bbox 1120 3997 1200 4051; x_wconf 83' lang='lat' dir='ltr'>unde.</span> 
     </span>
     <span class='ocr_line' id='line_1_39' title="bbox 1048 4066 1209 4137; baseline 0.012 -17"><span class='ocrx_word' id='word_1_192' title='bbox 1048 4066 1101 4120; x_wconf 93' lang='grc'>750</span> <span class='ocrx_word' id='word_1_193' title='bbox 1119 4083 1209 4137; x_wconf 84' lang='lat' dir='ltr'>anper.</span> 
     </span>
    </p>
   </div>
   <div class='ocr_carea' id='block_1_7' title="bbox 0 0 1532 4876">
    <p class='ocr_par' dir='ltr' id='par_1_21' title="bbox 0 0 1532 4876">
     <span class='ocr_line' id='line_1_40' title="bbox 0 0 1532 4876; baseline 0 0"><span class='ocrx_word' id='word_1_194' title='bbox 0 0 1532 4876; x_wconf 95' lang='lat' dir='ltr'> </span> 
     </span>
    </p>
   </div>
  </div>
 </body>
</html>
