3052 4876
662 269 856 331 ..41-

170 465 261 512 ram
285 451 328 512 et
351 448 607 527 particula-s
631 446 926 525 copulativas
951 446 1129 523 usurpat.
1164 443 1343 509 IdBirtius

171 554 206 617 in
229 553 465 639 Halieuticis1)
496 554 651 634 plurimis
685 552 854 632 exemplis
877 552 1070 634 illustravit,
1094 568 1164 631 quo
1188 568 1233 616 ex
1256 552 1343 615 libro

172 661 259 725 haec
282 660 414 726 affero:

278 820 412 887 Metam.
435 821 464 887 Π
489 823 569 887 217;

217 928 355 993 Ardet
379 928 490 994 Athos
514 928 715 1009 Taurusque
740 927 825 995 Cilix
848 933 884 993 et
907 928 1047 993 Tmolus
1072 931 1108 993 et
1130 925 1217 993 Oete

103 1122 106 1128 Α
219 1035 261 1100 Et
283 1053 375 1102 nunc
396 1037 489 1102 sicca
503 1037 598 1117 prius
624 1037 846 1102 celeberrima
867 1036 1024 1101 fontibus
1047 1036 1107 1100 Ide

218 1143 510 1224 Virginineusque
533 1142 677 1209 Helicon
702 1146 738 1208 et
759 1144 914 1208 nondum
939 1141 1108 1222 Oeagrius
1133 1142 1295 1210 Haemos⁸

217 1250 355 1316 Ardet
382 1252 418 1315 ln
441 1252 652 1316 immensum
671 1251 857 1331 geminatis
882 1250 1021 1330 ignibus
1045 1248 1165 1332 Aetne,

217 1357 460 1437 Parnasusque
483 1359 603 1438 biceps
631 1360 666 1422 et
688 1356 780 1439 Eryx
805 1361 840 1422 et
864 1355 1020 1438 Cynthus
1045 1360 1080 1421 et
1103 1355 1232 1437 Othrys

219 1463 260 1528 Et
282 1464 422 1528 tandem
447 1465 586 1529 nivibus
609 1463 780 1545 Rhodope
804 1465 951 1529 caritura
972 1462 1165 1544 Mimasque

218 1569 461 1651 Dindymaque
478 1575 513 1636 et
532 1571 665 1652 Mycale
688 1574 862 1651 natusque
886 1572 930 1636 ad
954 1587 1053 1635 sacra
1077 1568 1268 1637 Cithaeron.

218 1677 290 1743 Nec
313 1681 461 1759 prosunt
484 1677 647 1760 Scythiae
671 1695 735 1744 sua
757 1679 903 1759 frigora:
928 1677 1105 1744 Caucasus
1129 1681 1256 1744 ardet

220 1783 380 1865 Ossaque
405 1802 482 1850 cum
506 1786 614 1851 Pindo
639 1787 818 1866 maiorque
842 1788 1013 1851 ambobus
1037 1784 1215 1866 Olympus.

282 1946 340 2027 Ep.
365 1964 417 2014 en.
440 1947 537 2013 Pont.
560 1947 606 2012 IV
634 1950 672 2013 10
696 1950 753 2012 47:
1164 2015 1168 2024 ,

222 2053 306 2118 Huc
328 2053 451 2136 Lycus,
474 2056 552 2120 huc
568 2053 706 2135 Sagaris
722 2055 920 2135 Peniusque
934 2054 1162 2135 Hypanisque
1179 2053 1350 2135 Calesque

219 2159 336 2225 influit
356 2164 391 2226 et
411 2163 530 2226 crebro
555 2162 685 2227 vertice
709 2165 822 2226 tortus
846 2160 955 2241 Halys

220 2267 494 2348 Partheniusque
517 2284 625 2348 rapax
649 2270 684 2332 et
707 2267 855 2331 volvens
885 2283 972 2330 saxa
996 2267 1176 2347 Cynaspes

219 2372 366 2454 Labitur,

285 2514 362 2578 Met.
386 2515 446 2580 VH
470 2518 548 2578 222:

222 2620 386 2687 Sublimis
409 2623 539 2702 rapitur
563 2623 789 2702 subiectaque
809 2622 976 2687 Thessala
996 2622 1124 2702 Tempe

221 2729 366 2810 Dispicit
390 2732 425 2794 et
447 2729 582 2795 Tricces
606 2730 808 2811 regionibus
833 2731 982 2810 applicat
1004 2747 1138 2810 angues

223 2836 273 2901 Et
297 2854 407 2917 quas
431 2835 523 2903 Ossa
545 2839 631 2920 tulit,
655 2855 766 2918 quas
791 2839 898 2902 altum
914 2837 1031 2903 Pelion
1056 2838 1192 2921 herbas

222 2943 351 3024 Othrys
376 2961 489 3025 quas
512 2944 712 3025 Pindusque
736 2948 771 3010 et
793 2944 902 3010 Pindo
927 2947 1036 3011 maior
1059 2944 1227 3026 Olympus

223 3050 398 3130 Perspicit

285 3191 363 3256 Met
386 3192 416 3256 X
440 3193 498 3257 91:

224 3298 316 3365 Non
340 3316 464 3364 nemus
487 3299 678 3383 Heliadum,
703 3317 787 3365 non
811 3301 993 3366 frondibus
1018 3305 1179 3365 aesculus
1204 3304 1282 3366 altis

223 3405 293 3472 Nec
316 3407 410 3472 tiliae
432 3408 556 3472 molles
580 3423 646 3472 nec
668 3408 772 3488 fagus
797 3412 832 3472 et
855 3410 984 3472 innuba
1008 3408 1133 3489 laurus,

224 3512 295 3577 Nec
318 3514 425 3593 coryli
447 3513 591 3593 fragiles
619 3516 654 3578 et
676 3514 833 3579 fraxinus
857 3515 951 3579 utilis
974 3515 1095 3579 hastis,

288 3670 365 3736 Her.
390 3670 436 3735 lX
457 3673 517 3737 89:

224 3779 314 3845 Non
338 3779 399 3844 tibi
423 3778 586 3844 Threiciis
610 3779 729 3844 adfixa
752 3782 936 3859 penatibus
961 3799 1022 3847 ora

225 3886 318 3952 Non
341 3887 521 3951 hominum
546 3887 694 3969 pingues
719 3887 826 3952 caede
849 3890 1006 3953 tacentur
1030 3872 1166 3968 equae(

226 3993 493 4077 Prodigiumque
516 3993 649 4077 triplex,
674 3996 819 4059 armenti
844 3996 943 4059 dives
967 3994 1081 4059 Hiberi

227 4097 417 4182 Geryones,
440 4100 601 4179 quamvis
626 4100 661 4164 in
684 4101 794 4168 tribus
818 4117 909 4165 unus
934 4103 1015 4166 erat.

184 4246 395 4255 ——-—

291 4315 314 4387 ¹)
333 4331 397 4392 rie·
415 4295 459 4375 44·
