3052 4876
658 303 696 311 -.
723 262 777 359 Ι43
811 299 855 310 ..

277 442 410 506 Deinde
423 443 621 522 anaphorae
636 442 691 506 vis
708 441 905 521 copulativa
921 441 1165 520 comprobatur
1181 456 1233 523 eo,
1250 440 1345 519 quod

171 550 260 613 haec
282 549 396 629 figura
425 548 709 628 saepissime
742 549 793 612 ab
826 548 1094 612 oratoribus
1124 551 1166 611 et
1193 536 1373 627 poetis'

173 655 407 737 arripitur,
444 657 494 720 ab
530 656 792 738 historiciS,
828 655 1157 737 grammaticis,
1196 654 1345 733 philo·

173 764 333 843 sophis
357 764 458 843 quasi
481 764 588 843 inepti
611 764 741 844 aliquid
771 763 1046 843 repudiatur.
1084 761 1127 826 Hi
1151 762 1345 827 enim-cum

172 885 241 933 non
274 873 345 934 tam
377 870 423 934 ad
456 870 680 935 delectandos
717 871 853 934 animos
885 870 1046 950 scribant,
1077 870 1141 933 sed
1173 872 1220 950 ut,
1252 870 1347 949 quod

174 992 293 1041 verum
312 979 374 1058 est,
392 978 587 1059 ostendant,
604 993 745 1058 operam
763 978 855 1058 dent,
871 992 913 1041 ea
934 992 1024 1056 quae
1039 977 1200 1040 homines
1221 976 1346 1040 docere

178 1083 306 1166 volunt,
337 1084 487 1148 breviter
519 1084 715 1165 astringunt
746 1087 781 1149 et
810 1084 845 1148 in
879 1083 1164 1163 angustissimam
1198 1083 1346 1147 formam

173 1191 388 1255 contrahunt.
425 1187 642 1270 Quapropter
665 1192 823 1271 singulas
847 1191 1039 1255 sententias
1056 1192 1092 1254 et
1107 1190 1244 1270 singula
1268 1206 1347 1255 sen·

173 1297 358 1362 tantiarum
374 1299 529 1362 membra
546 1298 720 1362 artissime
733 1299 823 1363 inter
839 1315 879 1362 se
896 1298 1119 1378 coniungunt.
1157 1297 1207 1361 llli
1231 1300 1348 1362 autem

176 1404 329 1484 quinon
353 1404 467 1468 solum
499 1420 536 1468 re
568 1405 646 1484 ipsa
669 1405 732 1469 sed
756 1405 861 1469 etiam
886 1404 1140 1483 compositione
1163 1406 1347 1469 verborum

175 1511 314 1576 laudem
330 1513 506 1593 expetunt,
530 1512 588 1594 qui
612 1512 656 1576 de
672 1511 819 1593 singulis
835 1513 940 1576 rebus
955 1511 1037 1576 iuse
1059 1512 1198 1592 lateque
1222 1513 1349 1594 dicunt,

176 1617 320 1682 multum
351 1618 481 1682 laboris
512 1618 712 1698 impertiunt
750 1619 947 1702 annexioni,
984 1619 1128 1682 muitum
1161 1620 1276 1683 modis
1310 1635 1350 1684 ac

174 1726 342 1808 numeris,
373 1726 519 1790 multum
552 1725 754 1806 aequalitati
786 1728 822 1790 et
856 1726 1111 1806 congruentiae.
1166 1725 1351 1806 Propterea

84 1855 86 1858 ·
176 1832 252 1896 illas
267 1832 337 1896 levi
353 1833 507 1911 pondere
528 1833 714 1912 particulas
733 1833 768 1896 in
792 1833 939 1898 dicendo
963 1833 1192 1897 libentissime
1219 1833 1351 1897 evitant

176 1942 211 2004 et
244 1942 282 2004 ut
316 1940 472 2004 novitate
508 1942 693 2005 verborum
727 1941 777 2005 ita
814 1941 980 2005 inusitata
1015 1941 1209 2004 conexione
1244 1956 1350 2004 mem-

177 2047 315 2111 brorum
346 2047 536 2128 legentium
567 2050 703 2112 mentes
735 2048 868 2126 erigere
899 2048 1029 2112 volunt.
1075 2046 1183 2111 Poeta
1212 2047 1350 2126 quidem

177 2154 212 2218 id
227 2153 344 2218 iacere
359 2169 430 2219 non
445 2169 523 2219 raro
536 2156 614 2234 ipso
627 2157 738 2218 metro
753 2155 896 2235 cogitur,
912 2154 979 2218 nisi
989 2154 1082 2218 iorte
1094 2155 1186 2218 aliud
1199 2154 1352 2218 adhibita

176 2261 381 2341 repetitione
391 2264 535 2341 spectat
559 2258 744 2339 Quomodo
762 2260 912 2340 exempli
928 2261 1039 2340 gratia
1052 2263 1254 2326 hexametro
1271 2277 1352 2326 con-

176 2368 388 2433 iunctionem
419 2384 498 2450 ,non
522 2370 637 2432 solum
670 2406 702 2414 -
728 2368 806 2431 sed
829 2368 942 2431 etiam‘
965 2368 1099 2432 intexet
1122 2367 1230 2449 apte‘?
1254 2366 1350 2434 Cete-

178 2476 290 2536 terum
307 2473 400 2552 apud
414 2477 540 2552 poetas
557 2474 717 2552 singulae
734 2474 929 2539 sententiae
949 2475 1151 2554 plerumque
1164 2476 1352 2540 coniuncti-

180 2583 398 2662 enecarent,
432 2581 606 2659 quianon
635 2595 762 2645 causas
786 2581 942 2661 aliasque
966 2583 1188 2647 condiciones
1212 2583 1352 2661 respici-

179 2689 249 2769 unt,
273 2687 338 2751 sed
352 2702 419 2766 res,
439 2690 478 2751 ut
494 2703 654 2767 quaeque
671 2689 786 2752 animo
804 2689 1018 2770 obversatur,
1035 2690 1112 2754 sine
1128 2691 1223 2754 ullov
1237 2691 1351 2754 inculo

180 2795 390 2858 enumerant.
414 2792 596 2858 Poetarum
621 2795 713 2859 enim
729 2799 851 2859 natura
868 2796 912 2860 ad
926 2798 1252 2876 contemplationem
1271 2813 1352 2861 con-

179 2900 496 2981 siderationemque
518 2916 641 2982 rerum,
672 2917 744 2966 non
768 2903 811 2967 ad
836 2918 897 2967 eas
922 2904 1172 2967 existimandas
1204 2904 1352 2968 inclinat.

181 3005 294 3082 Quare
327 3008 417 3087 apud
452 3023 516 3072 eos
551 3008 628 3072 illas
663 3010 857 3091 particulas
894 3010 1020 3090 quibus
1056 3011 1149 3074 aliud
1184 3011 1227 3074 ad
1261 3011 1353 3075 aliud

180 3112 356 3196 reseratur,
373 3113 620 3179 desideramus.
646 3112 714 3180 Sed
730 3117 841 3180 utilia
856 3119 1002 3181 contrita
1020 3120 1055 3180 et
1070 3117 1104 3179 in
1122 3119 1275 3181 omnium
1293 3133 1353 3182 ore

181 3222 357 3286 versantia
380 3223 486 3287 verba
509 3223 700 3305 repudiant,
723 3224 771 3288 ita
795 3225 1060 3302 diligentissime
1083 3225 1118 3286 id
1142 3226 1292 3307 student,
1316 3228 1354 3288 ut

181 3329 337 3416 singulas
361 3331 553 3394 sententias
571 3346 760 3411 earumque
777 3331 931 3393 membra
954 3332 1248 3408 compositissime
1271 3349 1352 3396 oon-

152 3449 153 3452 ’
179 3437 329 3502 cludant
374 3437 456 3502 Ideo
472 3438 550 3517 ipsa
565 3439 740 3516 positione
765 3439 800 3502 et
822 3453 892 3501 non
917 3452 994 3501 raro
1017 3437 1131 3517 figura
1156 3440 1353 3518 anaphorae

179 3545 258 3609 illas
282 3544 434 3608 omissas
458 3544 644 3624 particulas
668 3545 808 3623 explere
832 3548 868 3609 et
891 3560 1118 3623 compensare
1143 3545 1271 3609 volunt.

288 3647 376 3716 Sunt
406 3653 523 3714 autem
547 3650 651 3715 etiam
674 3649 763 3714 aliae
788 3666 923 3734 causae,
952 3668 972 3716 e
996 3651 1121 3732 quibus
1144 3651 1355 3731 intellegitur

182 3759 394 3840 anaphoram
426 3773 508 3822 esse
539 3772 652 3838 genus
676 3758 851 3837 proprium
876 3759 1088 3824 conexionis.
1128 3756 1212 3836 Quis
1237 3759 1355 3824 credat

181 3865 334 3931 futurum
357 3867 478 3948 fuisse,
507 3869 546 3931 ut
576 3869 647 3930 tam
672 3866 826 3930 multae
849 3867 888 3930 in
914 3867 1165 3932 carminibus
1188 3867 1354 3946 potissi·

182 3988 290 4034 mum
313 3974 546 4050 anaphoras
570 3977 756 4056 exstarent,
781 3990 857 4038 cum
883 3974 970 4038 aliae
985 3973 1120 4054 figurae
1135 3975 1169 4037 in
1186 3974 1229 4038 iis
1246 3968 1353 4037 multo

183 4075 293 4140 rarius
307 4075 614 4162 deprehendantur,
627 4082 693 4146 nisi
710 4081 887 4161 anaphora
902 4096 964 4160 pro
978 4081 1093 4160 aliquo
1107 4081 1273 4145 orationis
1287 4081 1354 4144 ele-

184 4186 302 4248 mento
323 4185 517 4265 poneretur,
541 4187 635 4264 quod
656 4187 863 4267 saepissime
880 4185 1109 4251 occurrebat?
1133 4185 1222 4264 Quid
1238 4190 1355 4252 autam

185 4291 326 4378 saepius
349 4291 384 4362 in
409 4290 591 4362 sententiis
614 4294 761 4363 cernitur
777 4310 881 4379 quam
906 4293 1198 4364 coniunctiones?
1223 4293 1355 4372 Quodsi
