3052 4876
740 284 1047 383 -ae-¹

253 466 327 530 sich
355 465 564 529 namentlich
592 464 846 530 Demosthenes
875 467 945 529 und
974 464 1092 532 Cicero
1117 469 1198 532 sehr
1220 466 1341 546 haullg
1365 468 1426 530 be-

254 574 399 655 dienen,
418 573 492 653 gibt
525 572 585 636 der
608 571 703 636 Rode
737 573 803 637 den
828 570 1015 638 Charakter
1044 574 1358 653 nachdriicklicher,
1389 573 1429 652 ja

252 680 401 760 heftiger
425 678 681 759 Lebendigkeit.
719 678 800 744 Dies
824 681 871 744 ist
894 681 950 744 die
974 679 1160 760 Anaphora
1183 681 1268 745 oder
1290 679 1428 759 Eparia-

252 788 370 868 phora,
400 786 568 865 repetitio,
616 784 680 850 Cic.
704 785 785 849 Phil.
808 784 868 850 XII
895 787 943 869 12,
968 788 1025 851 29:
1074 788 1217 851 credunt
1247 788 1429 869 improbis,

254 895 397 958 credunt
411 893 626 973 turbulentis
651 894 794 958 credunt
817 895 899 957 suis
942 893 1112 974 Doppelte
1128 894 1290 974 Anapher
1312 894 1429 959 findet

253 1002 344 1066 sich:
359 1000 454 1065 Dem.
470 1000 546 1065 Mid.
561 1002 601 1064 72
617 1001 687 1064 und
705 998 770 1065 Cic.
787 999 880 1065 Sulla
896 1002 925 1083 5,
944 1004 1011 1065 11.“
1028 1001 1102 1066 Ηοο
1119 1000 1292 1067 Ciceronis
1306 1018 1429 1066 exem-

252 1111 347 1188 plum
362 1110 400 1171 ut
414 1108 634 1187 intellegatur
648 1109 738 1171 hanc
755 1108 965 1187 anaphoram
984 1108 1084 1171 aliam
1101 1110 1204 1172 etiam
1221 1124 1302 1192 esse
1319 1112 1429 1188 atque

252 1217 329 1281 illas
349 1217 391 1280 ab
417 1215 566 1294 antiquis
591 1214 781 1294 appellatas
795 1215 949 1294 duplices
964 1216 1197 1299 anaphoras,¹)
1220 1216 1277 1279 hic
1295 1216 1426 1279 adscri-

253 1324 346 1387 bam:
370 1321 484 1405 ,Multa
501 1338 578 1386 curn
595 1338 711 1386 essem
736 1322 858 1386 consul
874 1323 918 1386 de
935 1323 1080 1386 summis
1097 1323 1319 1402 reipublicae
1335 1323 1427 1401 peri-

254 1431 340 1494 culis
354 1429 478 1511 audivi,
491 1430 598 1493 multa
611 1430 778 1511 quaesivi,
790 1430 897 1493 multa
915 1430 1074 1510 cognovi,
1087 1430 1201 1494 nullus
1214 1445 1366 1509 unquam
1382 1430 1428 1494 de

254 1535 347 1601 Sulla
369 1538 510 1600 nuntius
535 1537 578 1600 ad
602 1553 667 1620 me,
698 1538 828 1600 nullum
852 1537 1024 1615 indicium,
1052 1537 1167 1600 nullae
1189 1536 1323 1600 litterae
1347 1553 1427 1615 per-

253 1645 431 1725 venerunt,
454 1644 547 1708 nulla
571 1644 742 1721 suspicio‘.
760 1684 798 1690 —
818 1642 873 1708 Sic
895 1644 1145 1723 Volkmannus.
1185 1641 1251 1708 Sed
1275 1643 1427 1708 forsitan

254 1752 424 1832 quispiam
442 1766 582 1814 causam
600 1751 818 1832 quaesiverit,
843 1767 902 1814 cur
917 1752 1093 1830 anaphora
1110 1751 1302 1815 orationem
1317 1752 1428 1815 vehe-

253 1859 457 1945 mentiorem
480 1857 593 1921 iaciat.
639 1855 735 1920 Hanc
759 1858 850 1920 enim
878 1857 1126 1921 desideramus.
1172 1856 1213 1920 Et
1236 1858 1292 1921 illa
1317 1858 1427 1937 signi-

251 1966 369 2030 ficatio
386 1964 531 2044 duplicis
548 1964 746 2042 anaphorae
778 1980 856 2027 mea
873 1964 1012 2042 quidem
1032 1964 1204 2028 sententia
1225 1965 1428 2044 anaphorae

253 2073 443 2138 doctrinam
466 2068 548 2135 non'
561 2071 709 2134 reddidit
731 2070 843 2150 magis
868 2071 1059 2136 dilucidam.

361 2217 390 2295 ε)
414 2213 568 2293 Raphael
601 2212 777 2278 Kilhner
811 2214 859 2278 ita
891 2214 1045 2278 disserit:
1093 2212 1195 2297 „Eine
1226 2215 1428 2281 besondere

253 2320 578 2403 Eigentiimlichkeit
607 2322 668 2386 der
699 2321 926 2386 lateinischen
950 2318 1100 2401 Sprache
1127 2322 1174 2385 ist
1198 2322 1261 2386 das
1285 2338 1426 2387 ausser-

252 2429 444 2494 ordentlich
456 2445 581 2508 grosse
593 2426 746 2510 Streben,
763 2429 818 2493 die
836 2425 1055 2509 Gegensatze
1072 2429 1178 2494 durch
1195 2430 1251 2493 die
1267 2427 1427 2511 Stellung

252 2536 536 2601 auszuzeiohnen.
576 2532 632 2600 Sie
655 2535 794 2599 wendet
817 2536 905 2599 dazu
928 2535 1112 2615 folgendes
1136 2533 1243 2600 Mittel
1268 2552 1324 2600 an:
1360 2535 1426 2601 Die

251 2641 522 2721 Wiederholung
537 2641 601 2706 des
617 2643 810 2706 namlichen
827 2641 964 2707 Wortes
981 2659 1024 2706 zu
1040 2642 1179 2723 Aniang
1195 2645 1291 2708 eines
1308 2659 1424 2708 neuen

252 2746 372 2814 Satzes
397 2749 482 2812 oder
505 2748 565 2812 der
588 2749 783 2813 niimlichen
807 2747 1001 2828 Wortlolge
1021 2788 1054 2795 ψ
1076 2748 1262 2829 Anaphora
1285 2790 1328 2797 -
1353 2748 1424 2815 Sed

251 2855 343 2936 pleni
360 2871 482 2920 omnes
499 2858 581 2919 sunt
596 2856 679 2936 libri,
696 2857 819 2935 plenae
834 2856 1041 2935 sapientium
1057 2873 1173 2938 voces
1189 2859 1291 2937 plena
1305 2873 1425 2922 exem·

251 2963 384 3044 plorum
409 2964 640 3047 vetustae.2).“
678 2962 728 3026 De
752 2964 949 3042 anaphorae
972 2968 1094 3028 natura
1118 2965 1210 3044 apud
1234 2981 1313 3029 eum
1335 2965 1425 3029 nihil

252 3070 491 3151 comperimus,
514 3070 598 3133 nihil
621 3070 703 3133 novi
727 3069 901 3152 discimus,
926 3071 992 3134 nisi
1015 3070 1105 3135 forte
1128 3072 1219 3151 illud,
1244 3072 1424 3152 anaphora

250 3193 307 3241 res
324 3177 512 3241 contrarias
530 3176 666 3256 opponi.
705 3174 773 3241 Sed
789 3178 857 3240 hoc
872 3178 955 3241 mihi
978 3178 1080 3242 nimis
1105 3179 1268 3242 audacter
1291 3179 1423 3243 dictum

251 3300 332 3348 esse
357 3284 501 3365 videtur,
525 3285 556 3349 si
580 3286 624 3349 ad
648 3300 771 3349 omnes
795 3288 934 3364 spectas
960 3288 1200 3368 anaphoras.³)

358 3413 397 3493 φ)
421 3408 508 3473 Nae
518 3410 811 3489 gelsbachius
829 3411 965 3489 qualem
981 3412 1109 3474 habeat
1125 3411 1335 3490 anaphoram
1350 3411 1422 3475 iam

251 3516 341 3595 apud
365 3515 620 3596 Hermogenem
646 3517 882 3596 exposuimus.
894 3519 921 3601 4)

355 3645 389 3725 η)
414 3637 639 3704 Gerberus
657 3642 816 3719 quamvis
834 3642 962 3706 diffuse
983 3643 1026 3706 de
1043 3643 1275 3726 scriptoribus,
1300 3645 1356 3723 qui
1376 3644 1422 3708 de

250 3748 426 3825 anaphora
447 3749 600 3827 egerunt,
622 3747 849 3826 disputaverit
870 3752 905 3812 et
929 3750 1125 3827 anaphorae
1152 3750 1294 3814 virtutes
1317 3751 1421 3829 pluri-

249 3854 315 3916 mis
338 3854 559 3918 illustraverit
583 3854 760 3936 exemplis,
785 3856 866 3934 quid
891 3856 936 3919 sit
960 3857 1136 3933 anaphora
1160 3858 1344 3936 explanare
1365 3873 1419 3921 re-

357 4069 379 4133 1)
398 4045 433 4124 of.
453 4069 647 4135 Alexandrum,
668 4067 811 4136 Zonoeum,
832 4070 994 4125 Diomedem.

355 4155 379 4222 2)
400 4157 454 4212 Cio.
475 4159 554 4212 Arch.
574 4159 599 4225 6,
620 4159 661 4212 14.

355 4243 378 4310 ⁸)
398 4247 518 4312 Kllhuer‚
538 4247 584 4300 Gr.
605 4248 677 4312 112,
698 4247 774 4315 1079,
794 4249 835 4302 10,

354 4332 379 4401 ⁴)
397 4352 423 4405 p.
441 4334 485 4390 21.
