3052 4876
662 276 858 338 ..14-

177 449 234 516 ini
266 454 410 528 τούτοις·
441 451 506 515 Καὶ
531 452 650 515 πάλιν·
688 455 742 528 Τίς
775 447 831 516 οὖν
865 449 882 516 ὁ
915 464 1017 516 ταῦτα
1048 441 1351 536 συγκατασκευάσας

176 560 284 642 αάτφ,·
312 562 362 634 τίς
390 555 406 621 δ
435 558 493 634 τὰς
524 562 709 644 προφάσεις
740 562 858 636 τιιύτας
887 535 982 636 δούς,·
1014 560 1078 622 Καὶ
1107 556 1124 623 ὃ
1153 559 1289 622 Πλάτων
1316 557 1350 624 ἐν

176 666 300 746 Νόμοις
310 687 320 743 ;
349 665 426 729 ὅταν
450 671 502 729 σοί
525 690 554 728 τι
581 671 778 751 προσπίπτῃ
802 679 867 730 τῶν
891 671 1048 731 τοιούτιον
1073 679 1218 753 πρᾶγμα,
1251 665 1279 730 εί
1303 668 1349 752 μη

176 771 232 836 ἐπὶ
257 774 315 849 τὰς
339 772 662 857 ἀποδιοπομπήσεις,
699 772 754 837 ἐπὶ
789 774 1029 859 ἀποτροπαίων
1064 774 1136 861 ίερὰ
1169 780 1266 838 θεῶν·
1285 773 1349 838 ἱκέ-

174 905 231 965 της
254 877 319 957 ἰ’θι,
350 877 405 943 ἐπὶ
430 881 488 956 τὰς
511 892 575 943 τῶν
600 881 780 964 λεγομένων
806 879 881 964 ύμῖν
906 881 1033 966 ἀνδρῶν
1057 886 1234 958 συνουσίας.
1283 884 1349 946 Καὶ

175 989 267 1073 παρὰ
291 1000 337 1072 τηῖι
361 997 501 1074 Ποιητῇ·
534 991 590 1051 Ἐν
613 983 641 1051 δ>
665 987 765 1074 Ἔρις,
792 986 825 1052 ἐν
850 989 883 1053 δέ
909 988 1071 1072 Κυδοιμὸς
1095 988 1233 1072 ὁμίλεον,
1260 987 1292 1052 ἐν
1319 986 1348 1054 δ’

175 1093 270 1159 ὀλοὸν
294 1099 373 1180 Κήρ.
398 1094 487 1158 Ἔστι
512 1094 545 1159 δὲ
571 1094 625 1170 ὅτε
650 1095 703 1159 διὰ
727 1101 936 1183 μακροτέρων
954 1094 1198 1183 ἐπαναφέρεται
1214 1095 1251 1160 τδ
1267 1097 1348 1161 αὐτὸ
1415 1147 1419 1157 .

174 1201 299 1287 μόριον,
334 1199 421 1265 οἷον·
457 1201 475 1284 ἡ
509 1202 570 1286 γὰρ
596 1193 654 1287 ἐμὴ
680 1204 841 1281 πολιτεία,
876 1189 913 1289 ἧς
937 1199 1031 1280 οὗτος
1058 1214 1240 1289 κατηγορεῖ,
1274 1203 1348 1267 ἀντὶ

174 1307 232 1389 μὲν
256 1309 331 1385 τοὺς
358 1313 516 1394 Θηβαίους
538 1309 620 1390 μετὰ
638 1309 807 1372 Φιλίππου
832 1309 878 1387 εἰς
901 1310 958 1396 την
973 1310 1113 1387 Ἀττικὴν
1128 1311 1346 1392 συνεμβαλεῖν,

175 1413 192 1479 δ
222 1418 343 1492 πάντες
371 1418 483 1499 ᾤοντο,
512 1413 592 1498 μεθ)
621 1416 711 1499 ἡμῶν
740 1420 1034 1502 παραταξαμένους
1061 1418 1195 1481 κωλύειν
1225 1416 1348 1481 ἐκεῖνον

175 1520 344 1607 ἐποίησεν·
379 1523 449 1586 ἀντὶ
486 1522 519 1586 δὲ
554 1537 611 1587 τοῦ
645 1522 677 1587 ἐν
710 1537 748 1609 τῇ
773 1527 894 1610 Ἀττικῇ
928 1529 1081 1608 γενέσθαι
1111 1525 1166 1587 τ’δν
1191 1524 1345 1605 πόλεμον,

175 1628 355 1693 ἑπτακόσια
379 1629 495 1693 στάδια
520 1629 577 1693 ἐπὶ
601 1642 671 1708 τοῖς
694 1644 759 1694 τιῖιν
779 1640 933 1695 Βοιωτῶν
957 1629 1061 1716 ὁρίοις
1075 1635 1248 1714 γενέσθιιι·
1274 1630 1347 1694 ἀντί

175 1735 207 1800 δὲ
233 1747 290 1799 τοῦ
314 1736 390 1813 τοὺς
413 1737 532 1821 λῃστὰς
554 1737 646 1820 ,ἀγειν
671 1738 755 1820 ἡμᾶς
779 1737 835 1801 ἐπὶ
859 1750 916 1824 της
931 1739 1080 1819 Εὖβοίας,
1107 1735 1139 1801 ἐν
1163 1736 1272 1823 εἰρήνη
1289 1738 1347 1822 την

173 1840 313 1929 Ἀττικὴν
347 1841 380 1906 ἐκ
413 1854 471 1930 τῆς
503 1842 672 1930 θιιλάττης
701 1839 783 1908 εἶναι
814 1849 923 1908 πάντιι
947 1843 1002 1908 τάν
1026 1846 1188 1926 πόλεμον·
1215 1845 1286 1907 ἀντὶ
1311 1844 1346 1908 δὲ

174 1963 231 2014 τοῦ
254 1951 311 2015 τάν
335 1947 574 2037 Ἑλλήσποντον
600 1952 697 2036 φίλον
722 1950 815 2030 ἐχειν,
842 1952 981 2035 λαβόντα
1005 1950 1042 2015 τι)
1058 1951 1245 2030 Βυζάντιον,
1271 1952 1347 2029 τοὺς

178 2058 372 2137 Βυζαντίοις
395 2058 550 2138 πολεμεῖν
574 2063 652 2138 μεθ’
678 2058 767 2141 ἡμῶν
793 2057 878 2144 πρὸς
903 2056 1043 2136 ἐκείνους
1072 2057 1233 2143 ἐποίησεν.
1282 2060 1345 2122 Καὶ

173 2176 269 2228 τοῦτο
295 2163 329 2227 δέ
354 2157 441 2240 εἶδος
465 2161 698 2249 ἐπαναφορᾶς
731 2166 795 2255 ίκαὶ
822 2165 885 2249 μὴν
915 2164 966 2229 ὅτι
990 2164 1098 2228 πολλὰ
1122 2165 1180 2246 μὲν
1205 2164 1345 2228 ἀνέδωκε

174 2275 323 2358 χρήματα
340 2270 551 2356 Φιλιστείδης,
569 2273 650 2335 ίύστε
666 2269 751 2350 ἔχειν
766 2267 880 2357 Ὠρεόν,
907 2272 1015 2335 πολλὰ
1032 2272 1239 2353 Κλείταρχος,
1263 2273 1346 2334 ὥστε

174 2377 258 2459 ἐχειν
273 2382 447 2465 Ἐρετρίαν,
474 2378 585 2440 πολλὰ·
606 2377 639 2441 δὲ
670 2379 845 2456 Φίλιππος,
872 2380 954 2443 ὥστε
970 2372 1054 2442 εἶναι
1068 2374 1120 2463 ἐφ’
1136 2376 1219 2459 ύμᾶς
1235 2374 1345 2462 αύτφῖ

173 2488 237 2550 Καὶ
270 2499 365 2551 τοῦτο
400 2485 500 2548 πάλιν
535 2483 750 2571 ἐπαναφορά·
788 2484 965 2577 (ἐδίδασκες
996 2483 1180 2570 γράμματιι,
1214 2483 1276 2568 ἐγὼ
1311 2483 1345 2548 δὲ

174 2592 334 2680 ἐφοίτων·
361 2590 488 2669 ἐτέλεις,
516 2589 578 2674 ἐγὼ
604 2591 639 2656 δέ
664 2590 857 2678 ἐτελούμην·
883 2591 1133 2677 ἐγραμμάτευες,
1160 2588 1221 2674 ἐγὼ
1247 2589 1280 2653 δὲ
1298 2589 1345 2654 ἐκ-

174 2695 367 2786 κλησίαζον.)

280 2830 312 2909 e)
336 2823 572 2889 Phoebammo
598 2825 855 2888 distinctionem
880 2826 1086 2889 nonhabet.

279 2950 306 3035 f)
330 2950 361 3014 H
373 2966 417 3014 er
428 2966 449 3013 0
461 2951 502 3014 di
513 2943 566 3014 an'
577 2967 625 3014 us
639 2952 681 3031 1¹)
705 2949 924 3033 Ἐπαναφορά
950 2948 985 3013 δέ
1008 2947 1075 3013 ἐστι
1100 2951 1220 3028 πλύσις
1240 2948 1273 3013 ἐκ
1288 2961 1346 3013 τοῦ

175 3055 453 3134 διπλασιάζεσθαι
473 3055 623 3120 ἐπίτασιν
644 3055 793 3142 δηλοῦσα,
820 3052 908 3122 οἷον·
935 3052 1040 3142 ‘Tomi’
1058 3055 1119 3142 ἐγὼ
1138 3058 1247 3134 ἀντίος
1270 3051 1345 3138 εἶμι,

173 3165 227 3228 καὶ
252 3162 280 3227 εί
301 3165 381 3249 πυρὶ
398 3175 509 3249 χεῖρας
525 3161 637 3240 ἔοικεν,
664 3162 705 3227 Ei
728 3165 809 3249 πυρὶ
827 3175 938 3248 χεῖρας
954 3162 1048 3241 ἐόικε,
1063 3169 1160 3246 μένος
1176 3165 1204 3228 δ’
1222 3162 1345 3228 αἴθωνι

173 3270 304 3356 σιδήρῳ.
352 3271 429 3334 Καὶ·
454 3270 522 3361 (άτε
551 3274 722 3355 παρθένος
748 3269 861 3355 λη’ίθεύς
891 3295 935 3348 τε,
966 3275 1138 3356 ΙΙαρθένος
1172 3270 1287 3354 ἠίθεος
1316 3266 1344 3333 τ>

173 3376 342 3463 ὀαρίζετον
363 3373 536 3462 ἀλλήλοϊνί
571 3381 646 3440 Καί·
671 3380 783 3468 (θηβαι
809 3376 853 3460 δὲ,
881 3382 988 3464 θηβιιι,
1015 3376 1112 3451 πόλις
1136 3375 1342 3461 ἀστυγείτων,

172 3487 250 3566 μεθ>
276 3484 398 3569 ἡμέραν
423 3482 456 3548 ἐκ
479 3489 579 3569 μέσης
601 3495 658 3569 τῆς
682 3480 838 3562 Ἑλλάδος
862 3485 1087 3571 ἀνήρπασταιῖ

280 3611 315 3692 g)
340 3609 519 3674 Zonaeu
533 3625 551 3672 s
565 3610 607 3692 :2)
634 3611 854 3695 Ἐπιιναφορά
878 3609 1040 3673 πλειόνων
1063 3610 1176 3672 κώλων
1200 3607 1219 3691 ἢ
1244 3610 1344 3695 ῥημά-

173 3741 237 3780 τιον
272 3714 339 3778 ἀπὸ
372 3727 429 3801 της
457 3714 556 3800 αὐτῆς
586 3715 704 3795 λέξειας
729 3717 916 3801 ἀρχομένων
940 3715 1122 3802 σινεκδοχη.
1158 3715 1202 3792 ὡς
1234 3713 1264 3778 εί
1294 3739 1344 3784 τις

173 3825 278 3906 λέγοι·
303 3823 351 3902 ίσύ
376 3821 432 3885 τάν
458 3825 582 3908 Γάγγην
607 3821 824 3909 ἐγεφύρωσας,
850 3824 887 3886 σὺ
916 3823 948 3885 ιδ
965 3827 1149 3908 στράτευμα
1167 3822 1344 3906 διαβαίνειν

173 3934 378 4015 πεποίηκας’
405 3930 513 4016 Διπλη
538 3928 735 4015 ἐπαναφορά
760 3929 825 3993 ἐστι
850 3930 1011 3993 πλειόνων
1027 3932 1139 3993 κώλων
1156 3929 1174 4013 ἢ
1193 3930 1342 4016 ῥημάτιον

173 4034 241 4098 ἀπὸ
274 4049 339 4099 τῶν
373 4036 479 4100 αὐτῶν
512 4038 631 4117 λέξειαν
666 4038 853 4119 ἀρχομένων
877 4035 1060 4123 συνεκδοχή,
1094 4039 1138 4113 ὡς
1161 4037 1216 4100 τύ·
1241 4035 1343 4128 (παρὰ

281 4216 303 4283 ¹)
322 4218 366 4272 W.
386 4217 456 4272 VIII
475 4218 528 4272 598
547 4235 573 4272 v.
593 4219 617 4273 7.
637 4234 676 4286 sq.
696 4218 739 4285 Sp.
760 4217 805 4271 III
824 4218 867 4282 96,
885 4217 929 4271 31.

279 4303 303 4376 ⁸)
323 4307 367 4362 W.
386 4307 458 4364 VIII
477 4307 530 4379 680
549 4323 575 4365 v.
594 4307 611 4362 5
630 4322 669 4378 sq.
689 4305 731 4378 Sp.
752 4304 795 4364 ΙΙΙ
816 4305 875 4376 164,
895 4305 937 4364 30.
