3052 4876
651 252 847 315 ..40..

274 430 311 515 b)
335 446 379 494 an
402 445 472 494 una
494 428 551 494 vel
574 429 729 510 pluribus
753 428 897 509 syllabis
920 428 1072 510 imparia,
1083 427 1107 511 ¹)

275 537 306 621 c)
330 553 375 602 an
397 537 504 601 modo
527 537 623 617 paria
645 537 751 601 modo
774 535 960 620 imperial)

183 647 187 659 '
213 643 254 728 B)
278 646 337 708 aut
360 659 381 708 a
403 646 567 707 natura
590 643 805 724 repetitionis
829 643 941 723 ducta,

234 749 249 814 l
272 751 354 831 quid
377 751 582 830 repetitione
606 751 795 832 expetatur,

276 857 309 941 a)
333 860 447 922 utrum
470 873 577 922 unum
601 858 791 939 expetatur,
799 859 826 941 ³)

275 966 311 1046 b)
335 980 379 1028 an
403 964 500 1044 plura
529 966 742 1046 expetantur,
751 963 778 1047 ⁴)

277 1070 308 1157 c)
333 1087 375 1135 an
399 1071 506 1135 modo
529 1087 636 1135 unum
659 1071 765 1136 modo
789 1071 895 1152 plura,
905 1071 931 1154 5)

227 1177 361 1243 linum
384 1177 609 1258 repetitiones
634 1178 704 1242 sint
725 1177 954 1259 necessariae,

279 1287 312 1371 a)
336 1286 566 1369 necessariae,
574 1287 601 1371 6)

276 1394 312 1478 b)
336 1409 407 1457 non
430 1394 659 1476 necessariae,
669 1394 695 1476 ⁷)

278 1499 309 1586 c)
332 1500 439 1565 modo
463 1501 683 1566 necessariae
706 1502 812 1565 modo
837 1516 907 1564 non
931 1501 1188 1584 necessariae.⁸)

277 1606 349 1672 Has
360 1608 604 1687 repetitionum
616 1608 856 1673 distinctiones
869 1608 900 1672 si
913 1608 1116 1690 inspexeris,
1128 1608 1192 1671 tria
1205 1623 1350 1687 semper

172 1732 253 1780 esse
284 1730 415 1794 genera
445 1730 650 1795 cognosces,
682 1716 808 1794 quibus
842 1716 921 1779 illae
952 1714 1086 1795 figurae
1117 1715 1349 1779 continentur.

171 1821 222 1886 Ex
245 1821 312 1886 illis
346 1822 462 1886 autem
493 1821 771 1885 distinctionibus
804 1822 935 1900 optima
967 1822 1021 1902 sit,
1053 1838 1143 1902 quae
1167 1822 1350 1903 ponderat,

173 1929 254 2008 quid
286 1928 492 2008 repetitione
523 1930 712 2006 expetatur.
759 1926 786 1991 A
821 1944 890 2007 qua
921 1929 1141 1994 distinctione
1172 1929 1350 1993 interdum

172 2036 335 2114 antiquos
360 2050 441 2099 esse
464 2033 641 2113 proiectos
665 2034 825 2114 vidimus,
849 2035 913 2098 sed
937 2035 1030 2114 quod
1053 2036 1250 2115 anaphorae
1274 2037 1349 2100 virn

173 2141 383 2206 effectricem
420 2156 490 2204 non
524 2140 783 2220 angustissimis
815 2141 970 2205 terminis
1007 2141 1349 2225 circumscribebant,

172 2250 278 2313 immo
295 2264 379 2313 vero
396 2249 428 2312 ei
443 2248 647 2331 tribuebant,
672 2265 762 2329 quae
778 2264 848 2312 non
865 2249 979 2313 solum
995 2250 1118 2313 ceteris
1134 2250 1348 2329 repetitioni-

173 2358 239 2420 bus
252 2355 315 2420 sed
330 2354 492 2419 omnibus
507 2354 581 2419 lere
597 2355 719 2435 liguris
737 2355 1000 2437 conveniebant,
1015 2356 1099 2420 nihil
1116 2355 1348 2436 proiecerunt.
1426 2430 1432 2441 ,

173 2461 302 2529 Omnes
328 2463 419 2526 enim
441 2461 576 2542 figurae
592 2463 682 2526 bene
698 2463 873 2527 adhibitae
890 2466 1131 2527 ornamentum
1148 2466 1230 2527 sunt
1242 2465 1348 2527 orati-

173 2570 240 2651 oni,
263 2570 299 2634 id
315 2571 431 2634 autem
448 2569 541 2649 quod
558 2573 777 2635 venustatem
795 2572 945 2651 praebet,
968 2587 1039 2635 non
1055 2573 1094 2635 ut
1116 2572 1208 2650 apud
1224 2574 1347 2650 tropos

172 2678 208 2741 in
231 2677 386 2740 novitate
410 2676 631 2755 cogitationis
656 2680 691 2741 et
709 2678 950 2760 perceptionis,
975 2678 1096 2741 sedin
1120 2679 1275 2742 novitate
1291 2682 1348 2744 est

174 2783 387 2848 conexionis
437 2781 475 2845 In
511 2783 688 2862 anaphora
726 2787 843 2847 autem
878 2785 948 2847 vim
983 2799 1064 2848 esse
1105 2786 1349 2867 copulativam,

130 2925 133 2931 ·
173 2890 328 2970 plurimis
352 2890 565 2969 argumentis
593 2889 812 2954 instituimur.

230 3085 267 3172 c)
291 3080 401 3166 Quae
424 3084 503 3151 vim
529 3085 795 3168 copulativam
820 3085 1049 3170 anaphorae
1074 3088 1291 3154 ostendant

514 3197 753 3276 argumenta
777 3192 1012 3259 atteruntur.

280 3333 487 3414 Anaphorae
524 3335 643 3399 inesse
679 3335 750 3398 vim
788 3334 1019 3415 copulativam
1056 3337 1091 3400 id
1124 3338 1270 3416 primum
1302 3338 1351 3402 sit

174 3443 423 3523 argumentum,
455 3441 563 3522 quod
594 3444 718 3520 poeta
745 3441 924 3506 alterna
952 3443 1053 3507 vice
1078 3446 1118 3507 et
1146 3444 1349 3523 anapho-

208 3623 211 3629 .
283 3584 306 3651 ¹)
325 3586 496 3656 polyptoton.

280 3673 306 3742 ²)
325 3676 470 3743 anaphora,
490 3674 629 3742 epiphora,
649 3674 838 3742 reduplicatio.

282 3761 306 3829 8)
325 3763 403 3818 velut
423 3761 660 3832 conduplicatione
679 3771 708 3816 et
727 3764 868 3832 polyptoto
888 3765 1070 3833 amplificatio.

282 3852 307 3917 ⁴)
326 3852 404 3907 velut
423 3851 579 3921 epanalepsi
599 3852 709 3906 conexio
729 3861 758 3907 et
777 3853 960 3921 amplificatio.

280 3940 305 4005 6)
324 3942 400 3995 velut
430 3941 575 4010 anaphora,
604 3941 741 4009 epiphora,
767 3942 981 4010 reduplicatione
1009 3944 1087 3999 modo
1106 3946 1164 4001 sola
1184 3946 1347 4017 coniunctio,

176 4031 252 4085 modo
272 4030 383 4085 conexio
403 4036 432 4084 et
451 4029 634 4099 amplificatio.

281 4116 307 4185 ⁸)
326 4119 504 4188 epanalepsin.

279 4205 304 4274 Ἰ)
324 4209 494 4278 polyptoton,
513 4210 704 4279 reduplicatio,
723 4210 932 4285 conduplicatio.

281 4295 305 4372 ⁸)
325 4298 472 4374 anaphora,
491 4298 628 4371 epiphora.
