3052 4876
663 323 859 384 „11-

175 506 230 570 καὶ
252 505 294 590 μὴ
320 505 458 585 ἀκμαῖον
484 496 566 564 εἶναι
590 499 671 585 μηδὲ
688 497 850 580 λαμπρόν.
885 494 935 558 Αἱ
958 499 1069 576 μέντοι
1094 492 1351 578 ἔπαναφοραὶ

145 673 153 681 ,
175 613 204 678 εἰ
227 612 323 675 κατὰ
348 611 478 701 κόμμα
502 613 653 691 γίνοιντο,
677 603 818 689 γοργὸν
843 613 1005 665 ποιοῦσι
1029 600 1096 664 τὸν
1120 600 1244 684 λόγον,
1270 595 1350 663 ἀλλ’
1454 663 1456 667 ,

175 721 217 784 οὐ
240 717 366 793 καλόν,
393 713 480 779 οἷον·
507 715 655 798 προσιὼν
678 711 737 793 μὲν
761 723 799 794 τῇ
823 709 932 793 βούλῃ,
958 710 1106 792 προσιὼν
1130 706 1165 770 δὲ
1184 718 1229 791 τῷ
1248 705 1349 792 δήμῳ.

173 829 342 890 Ἐνταῦθα
375 821 408 885 δὲ
443 822 497 882 καὶ
530 820 546 901 ἡ
582 829 696 896 ταχεῖα
724 823 782 879 τοῦ
805 826 964 899 μερισμοῦ
988 812 1148 890 ἀπόδοσις
1171 810 1208 876 τὸ
1233 812 1351 899 γοργὸν

176 928 339 1013 ἐποίησεν.

283 1054 317 1134 d)
341 1052 606 1132 Tiberius:¹)
640 1053 820 1131 Ἐνέργειαν
836 1045 873 1110 τὸ
890 1056 996 1130 σχῆμα
1012 1046 1066 1107 καὶ
1090 1045 1349 1131 λαμπρότητα

175 1159 357 1245 ἐργάζεται.

281 1285 314 1367 e)
337 1284 646 1362 Phoebammo‚

288 1392 316 1474 i)
340 1390 632 1455 Herodianus

283 1497 563 1580 gizonaeuo

282 1604 318 1686 h)
342 1603 627 1683 Anonymus:

290 1731 314 1808 i)
337 1729 536 1793 Ioannes
565 1725 797 1807 Siculum)
828 1725 951 1807 Ὥσπερ
981 1723 1018 1785 τὸ
1044 1722 1216 1786 ἀσύνδετον
1240 1722 1269 1786 εἰ
1291 1722 1352 1804 μὲν

176 1834 232 1898 διὰ
255 1845 388 1916 μακρῶν
412 1833 524 1895 κώλων
549 1829 730 1917 ἕκφόροιτο,
755 1830 971 1915 λαμπρότητα
995 1839 1095 1911 ποιεῖ,
1119 1827 1148 1892 εἰ
1169 1829 1203 1892 δὲ
1225 1829 1279 1893 διὰ
1299 1854 1351 1910 μι-

176 1952 261 2026 κρῶν
283 1942 337 2002 καὶ
354 1951 561 2021 κομιιιατικιῖιν
576 1939 767 2022 γοργότητιι,
793 1937 877 2000 οὕτω
903 1937 941 2021 δη
966 1937 1020 1999 καὶ
1048 1938 1068 2022 ἥ
1092 1934 1351 2021 ἐπαναφορὰ

176 2045 244 2110 διὰ
268 2057 442 2128 μακρῶν
466 2045 541 2126 μὲν
567 2043 844 2130 ἐκφερομένη
870 2044 1026 2119 κάλλος
1050 2054 1187 2119 ποιεῖ,
1214 2043 1284 2106 διὰ
1309 2042 1351 2106 δὲ

634 1437 1169 1503 ’oemoefflmm.

174 2164 456 2234 κομματικιῖιν
480 2151 736 2235 γοργότητα.

280 2279 315 2358 k)
341 2275 595 2357 Gregorius
621 2274 946 2356 Corinthiuszss)
971 2274 1203 2353 interpretans
1219 2277 1350 2339 iocum:

173 2385 292 2467 Νιρεὺς
321 2379 348 2444 δ’
375 2378 415 2444 αὖ
440 2385 592 2464 Σάμηόεν
622 2381 679 2463 ἀγε
707 2391 795 2461 τρεῖς
823 2390 901 2464 νῆας
925 2377 1013 2455 ε”ΐσας
1039 2429 1044 2441 .
1072 2429 1078 2440 .
1105 2383 1148 2464 st)
1181 2382 1232 2445 Sic
1263 2383 1351 2460 agit:

284 2487 299 2569 ἡ
325 2499 401 2569 γοῦν
426 2485 623 2568 ἐπαναφορὰ
650 2487 783 2570 πλῆθος
808 2484 925 2564 ἕχονσα
950 2487 1068 2565 λέξεων
1093 2487 1226 2572 πλῆθος
1247 2509 1351 2572 πραγ-

173 2699 287 2780 σχεδδν
311 2701 371 2786 γὰρ
396 2700 489 2778 ἅπαξ
512 2711 570 2761 τοῦ
588 2703 715 2783 Νιρέως
740 2697 984 2781 ὀνομασθέντος
1000 2698 1033 2763 ἐν
1050 2711 1095 2784 τῷ
1113 2711 1170 2786 της
1186 2703 1351 2786 ποιήσειας

173 2810 337 2893 γράμματι
370 2805 463 2868 οὐδὲν
498 2802 591 2891 ἦττον
621 2804 639 2888 ἢ
664 2801 830 2885 Ἀχιλλέως
863 2805 909 2891 ηδ’
936 2806 1113 2883 Ὀδυσσέως
1143 2808 1348 2891 μεμνήμεθα·

173 2918 280 2975 καίτοι
305 2912 386 2974 κατὰ
412 2910 494 2986 ἔπος
519 2909 662 2974 ἑκάστων
686 2913 893 2994 λαλουμένων
911 2913 1034 2992 σχεδόν.
1061 2913 1151 2976 αἰτία
1168 2913 1186 2995 ἡ
1204 2924 1262 2975 τοῦ
1276 2916 1350 2997 σχή-

173 3042 275 3099 ματοςΙ
301 3016 443 3096 δύναμις.
476 3015 517 3077 Εἰ
547 3016 573 3078 δ’
600 3017 703 3092 οὕτως
733 3012 821 3080 ελπε·
848 3020 967 3102 Νιρεὺς
991 3017 1007 3082 δ
1032 3015 1189 3102 Ἀγλαΐας
1217 3017 1287 3096 διὸς
1315 3017 1351 3099 ἐξ

174 3122 339 3207 Αἰσόμνης
361 3132 449 3205 τρεῖς
475 3133 551 3205 νηας
577 3117 640 3204 ἦγε,
667 3130 999 3208 παρασεσιωπηκέναι
1024 3126 1062 3187 ἀν
1084 3131 1186 3210 Νιρέα
1203 3125 1259 3189 τὸν
1276 3126 1350 3189 κάλ-

173 3230 283 3292 λιστον
307 3227 426 3308 ἔδοξεν.
440 3229 563 3311 Ιὥσπερ
589 3229 649 3312 γὰρ
668 3228 681 3290 ε’
687 3253 700 3290 ν
717 3240 789 3304 ταῖς
810 3227 969 3292 ἑστιάσεσι
986 3232 1026 3293 τὰ
1043 3229 1137 3314 ὀλίγα
1155 3233 1264 3296 πολλὰ
1282 3232 1350 3297 δια-

173 3337 316 3401 λοόέντιι
342 3358 415 3410 πως
438 3338 601 3418 φαίνεται,
627 3333 712 3396 οότω
738 3334 796 3396 κάν
820 3345 890 3409 τοῖς
914 3335 1024 3417 λόγοις
1049 3334 1144 3400 ἐστίν.

206 3589 240 3668 β)
273 3582 506 3662 Quomodo
531 3582 690 3649 Graeci
715 3587 973 3664 anaphoras
1000 3586 1312 3650 distinxerint

281 3749 313 3828 a)
338 3743 609 3826 DemetriuS‚
632 3748 670 3807 ut
695 3761 799 3824 supra
816 3745 967 3811 vidimus
984 3749 1107 3826 triplex
1124 3762 1251 3812 nornen
1269 3764 1349 3812 ana-

174 3853 304 3934 phorae
327 3854 440 3933 habet,
466 3849 691 3936 ἑπαναφοράν,
718 3850 900 3928 ἀσύνδετον,
926 3849 1181 3934 όμοιοτέλεοτον.

283 4065 306 4130 ¹)
325 4066 370 4122 W.
390 4067 460 4120 viii
480 4068 532 4121 558
551 4085 577 4122 v.
597 4070 640 4122 21.
660 4069 704 4138 Sp.
723 4068 767 4123 111
786 4069 821 4122 73
841 4085 867 4123 v.
888 4070 911 4124 1.

281 4153 306 4219 ²)
327 4155 370 4212 W.
390 4154 428 4208 Vi
451 4173 475 4223 η.
496 4156 548 4210 369
567 4174 593 4212 v.
614 4158 648 4211 10
667 4174 706 4225 sq.

281 4243 305 4308 ⁸)
325 4245 369 4298 W.
390 4245 444 4298 VH
463 4262 488 4313 p.
509 4245 579 4299 1189
598 4263 622 4300 v.
642 4246 686 4302 21.

281 4333 305 4398 ⁴)
324 4335 361 4389 Jl.
380 4336 403 4388 B
423 4335 483 4388 671.
