3052 4876
282 1656 516 1801 Quicunque
544 1698 720 1760 oratorum
749 1695 805 1760 vol
833 1696 1014 1775 poetarum
1043 1695 1221 1761 volumina
1252 1695 1348 1762 evol·

173 1802 275 1883 verit,
307 1802 368 1866 vix
401 1816 534 1881 paucos
568 1817 693 1866 versus
727 1801 844 1867 animo
877 1805 1065 1882 percurret,
1100 1803 1184 1882 quin
1219 1818 1349 1884 magna

172 1913 351 1990 troporum
383 1910 419 1972 et
448 1909 637 1990 ngurarum
669 1909 770 1989 copia
803 1909 904 1990 quasi
936 1911 1109 1974 obmatur.
1154 1907 1192 1974 In
1223 1909 1348 1990 liguris

173 2019 290 2082 autem
320 2017 414 2080 haud
445 2015 547 2080 facile
579 2016 649 2080 ulla
679 2017 821 2097 saepius
853 2018 1010 2081 occurret
1041 2032 1146 2096 quam
1175 2033 1226 2100 ea,
1259 2032 1349 2097 quae

174 2123 292 2189 vocari
315 2123 493 2203 anaphora
515 2123 614 2187 solet.
653 2120 749 2198 Quae
772 2122 895 2205 tlgura,
920 2123 1057 2187 etiamsi
1081 2124 1178 2206 aliae,
1200 2139 1290 2204 quae
1312 2124 1348 2188 in

173 2231 331 2296 oratione
356 2232 458 2294 antea
482 2230 597 2294 minus
620 2230 807 2310 enitebant,
836 2245 857 2293 a
879 2230 1114 2308 grammaticis
1138 2247 1183 2295 ex
1206 2231 1349 2295 latebris

173 2338 249 2404 suis
279 2337 467 2402 reconditis
494 2337 530 2400 in
560 2337 673 2400 lucem
704 2335 860 2415 prolatae
884 2336 974 2416 sunt,
1004 2337 1123 2400 tamen
1146 2337 1183 2401 ln
1205 2352 1350 2402 recessu

174 2448 210 2510 et
235 2444 426 2509 solitudine
453 2442 621 2506 remansit
653 2444 688 2506 et
720 2445 898 2521 tamquam
930 2457 992 2522 per
1023 2458 1063 2507 se
1094 2443 1171 2523 ipsa
1195 2460 1350 2524 compre·

172 2552 382 2617 henderetur
415 2565 436 2613 a
467 2548 648 2613 doctorum
681 2547 807 2612 studiis
840 2549 1022 2628 repudiata
1052 2552 1157 2630 atque
1180 2552 1349 2631 neglecta.

173 2659 448 2726 Brinclrmannus
477 2656 618 2737 quidem
649 2659 685 2720 et
716 2654 922 2720 Blumnerus
954 2671 1096 2736 operam
1129 2660 1164 2723 et
1195 2659 1350 2723 laborem

174 2767 438 2848 impertiverunt
461 2765 695 2846 metaphorae,
720 2760 943 2829 Godolredus
961 2762 1115 2829 lacobus
1132 2763 1350 2831 Hermannus

174 2875 389 2954 hyperbolen
420 2872 486 2936 sibi
518 2872 623 2952 elegit
655 2888 675 2936 e
707 2887 815 2951 grege
846 2870 1046 2951 ngurarum.
1093 2869 1182 2948 Quid
1213 2869 1350 2937 multa‘?

173 2978 322 3042 Exstant
352 2979 396 3040 de
428 2976 503 3040 aliis
531 2977 655 3056 liguris
679 2978 800 3057 optimi
830 2979 914 3060 libri,
946 2979 1074 3044 desunt
1097 2979 1141 3044 de
1165 2980 1350 3060 anaphora.

176 3082 341 3161 Aprimis
365 3082 458 3145 enim
480 3084 696 3161 temporibus
720 3087 898 3164 usquead
921 3087 989 3151 hos
1009 3102 1121 3153 annos
1136 3086 1351 3167 grammatici

177 3190 213 3251 in
237 3187 312 3252 suis
336 3187 473 3267 scriptis
498 3189 696 3268 anaphoras
719 3191 834 3256 locum
858 3208 929 3255 non
953 3193 1123 3258 dederunt
1141 3194 1208 3258 nisi
1224 3194 1260 3258 in
1275 3209 1351 3274 per·

177 3295 388 3376 stringendis
413 3295 575 3359 omnibus
599 3297 656 3359 vel
679 3299 914 3379 compluribus
943 3300 1053 3378 tropis
1086 3303 1121 3365 et
1152 3300 1284 3384 liguris
1317 3305 1352 3366 et

177 3403 289 3483 siqui
320 3403 491 3467 interdum
523 3403 559 3465 in
591 3404 843 3469 consideranda
874 3407 940 3469 hac
972 3404 1087 3486 ligura
1116 3407 1245 3472 diutius
1269 3410 1351 3472 sunt

177 3510 389 3591 commorati,
412 3511 529 3573 tamen
553 3524 624 3573 non
645 3509 690 3573 ad
704 3510 974 3591 intellegendam
991 3513 1067 3577 eius
1083 3516 1243 3579 naturam
1258 3515 1351 3580 vires

176 3617 407 3698 intenderunt,
438 3617 502 3680 sed
535 3617 697 3698 contenti,
731 3619 824 3696 quod
846 3619 956 3684 lineas
981 3621 1151 3700 quasdam
1176 3636 1352 3702 cognove-

176 3727 253 3788 rant
285 3723 430 3804 suisque
464 3725 637 3788 mentibus
673 3722 869 3788 adfixerant
903 3728 979 3791 eius
1013 3727 1175 3810 speciem,
1210 3744 1280 3808 quo
1315 3730 1350 3793 in

176 3832 293 3895 limine
312 3833 445 3911 priores
468 3831 705 3897 constiterunt.
738 3830 880 3897 Perraro
904 3835 992 3898 alius
1016 3837 1122 3914 atque
1145 3835 1234 3900 alius
1259 3836 1351 3901 viam

177 3940 213 4002 et
234 3939 407 4002 rationem
429 3939 514 4003 inire
539 3940 653 4005 conati
670 3943 760 4023 sunt,
785 3957 854 4022 qua
869 3941 1011 4021 propius
1028 3941 1166 4007 adeam
1183 3945 1350 4009 accedere

177 4046 332 4126 possent,
358 4044 479 4109 sedin
503 4047 618 4115 medio
642 4047 765 4112 itinere
790 4047 1092 4113 defetiscebantur.
1140 4047 1293 4127 Quorum
1316 4052 1352 4116 in

152 4167 155 4173 ’
177 4152 336 4233 vestigiis
361 4154 548 4231 antequam
570 4155 775 4220 insistamus
801 4160 836 4220 et
859 4157 952 4220 viam
975 4157 1149 4224 incessam
1177 4159 1222 4223 ad
1244 4159 1352 4225 linem

177 4259 419 4341 producamus,
443 4275 591 4324 necesse
615 4262 679 4326 erit
702 4264 836 4345 docere,
861 4265 1033 4342 quatenus
1056 4265 1104 4330 illi
1124 4267 1258 4347 priores
1272 4282 1351 4347 pro·

177 4366 293 4447 gressi
317 4366 395 4431 sint
