3052 4876
674 289 872 353 .-70-

193 467 239 532 sit
261 468 451 549 repudiata.
497 465 548 533 Ac
578 468 725 549 primum
758 468 896 549 quidem
928 468 1018 533 banc
1040 465 1245 532 varietatem
1269 463 1377 529 vide·

192 590 291 642 amus
315 575 350 642 in

526 663 771 747 Anapbora
798 665 1027 745 bipertita.

560 768 564 773 ¹
648 789 694 874 Α)
718 788 802 856 Vox
825 794 909 865 ‚ett

368 917 382 980 Ι
404 915 538 982 Vocula
561 917 631 997 ‚et‘
655 914 865 979 antecedens
889 915 993 994 priori
1015 917 1180 980 membro,

299 1039 379 1105 Loci
409 1041 484 1104 eius
521 1040 615 1104 modi
653 1040 696 1104 ad
728 1040 940 1118 anaphoram
974 1040 1098 1119 copula
1130 1038 1371 1113 abundantem

195 1147 366 1230 pertinere
382 1164 452 1211 non
469 1147 637 1212 videntur.
682 1145 769 1210 Nam
786 1162 862 1209 cum
879 1147 1026 1227 primum
1043 1148 1241 1226 anaphorae
1257 1161 1370 1209 mem-

194 1257 293 1320 brum
318 1255 509 1319 sententias
535 1255 744 1333 coniungere
776 1254 846 1317 non
882 1254 1003 1337 possit,
1036 1255 1067 1318 si
1106 1270 1174 1333 qua
1208 1253 1371 1317 iunctura

195 1362 250 1427 est
264 1361 472 1444 necessaria,
497 1361 620 1441 copula
635 1361 712 1425 sola
734 1362 807 1425 rest
829 1363 851 1424 t.
889 1358 1001 1437 Quare
1018 1360 1189 1425 eiusmodi
1205 1360 1370 1438 exempla

196 1469 322 1534 afferre
346 1484 641 1549 supervacaneum
668 1485 748 1532 esse
771 1470 865 1548 puto.

299 1593 328 1658 Π
351 1593 431 1659 Vox
455 1596 515 1674 ,et‘
538 1595 649 1674 primo
675 1595 873 1674 anaphorae
897 1595 1052 1658 membro
1077 1593 1283 1673 postposita.

300 1717 412 1789 Locos
442 1719 518 1783 eius
551 1719 708 1783 modiin
738 1719 923 1799 anaphoris
953 1718 1076 1797 copula
1109 1717 1371 1782 abundantibus

193 1826 366 1891 numerari
396 1827 479 1890 item
509 1842 581 1890 non
613 1826 702 1907 licet,
736 1826 828 1905 quod
853 1826 963 1905 primo
988 1825 1186 1904 anaphorae
1208 1825 1373 1890 membro

111 2000 115 2008 ,
195 1932 308 1996 omnis
332 1933 387 1997 vis
411 1933 608 2012 copulativa
639 1933 748 1996 deest.
794 1929 862 1996 Sed
887 1933 981 2012 quod
1004 1948 1076 1996 vox
1099 1932 1165 2013 ‚et‘
1188 1930 1248 1994 tali
1271 1933 1374 2011 posi-

193 2040 289 2104 tione
312 2040 515 2120 plerumque
545 2040 593 2103 ita
616 2039 800 2102 virtutibus
825 2038 1061 2121 amplificatur,
1089 2041 1128 2102 ut
1150 2053 1212 2118 par
1235 2039 1283 2103 sit
1306 2055 1376 2105 vo-

195 2147 292 2211 culae
316 2147 480 2229 ,etiam‘
504 2146 663 2226 exempla
687 2147 859 2210 eiusmodi
883 2161 953 2209 non
978 2146 1256 2224 praetermittam.

546 2273 580 2355 a)
605 2271 719 2351 apud
742 2270 1014 2350 Vergilium:

194 2399 262 2453 Aen.
283 2397 407 2453 vl1516.
446 2397 566 2451 Audiit
586 2406 620 2452 et
639 2397 750 2452 Triviae
768 2397 852 2465 longe
871 2397 955 2463 lacus,
975 2395 1096 2451 audiit
1118 2396 1213 2463 amnis,

197 2487 264 2542 Buc.
282 2487 318 2541 lv
337 2488 362 2542 6.
400 2487 458 2541 Iam
478 2487 574 2541 redit
593 2493 629 2541 et
647 2486 736 2555 virgo,
754 2487 871 2541 redeunt
890 2485 1020 2540 Saturnia
1038 2503 1133 2555 regna,

564 2591 599 2676 b)
624 2592 743 2672 apud
766 2589 992 2658 Ovidium:

195 2719 260 2776 Met.
280 2719 356 2774 154.
394 2719 478 2774 Illic
497 2729 532 2774 et
550 2719 670 2783 nebulas,
691 2717 775 2772 illic
793 2718 943 2772 consistere
962 2719 1047 2772 nubes
1065 2718 1159 2773 Iussit.

195 2809 261 2864 Met.
279 2809 298 2862 ll
317 2809 379 2864 248.
417 2808 518 2862 Arsit
538 2814 571 2862 et
590 2809 744 2876 Euphrates
763 2806 938 2875 Babylonius,
959 2808 1051 2862 arsit
1069 2807 1193 2862 Orontes.

196 2899 261 2953 Met.
281 2900 304 2953 V
325 2898 385 2952 144.
423 2898 565 2953 Occidit
583 2905 617 2952 et
636 2897 754 2952 Celadon
773 2896 936 2952 Mendesius.
974 2896 1116 2951 Occidit
1136 2899 1259 2951 Astreus.

195 2988 261 3042 Met.
281 2987 316 3042 Vl
335 2987 394 3041 108.
432 2987 532 3042 Fecit
551 2994 586 3041 et
604 2986 730 3041 Asterien
750 2985 841 3056 aquila
858 2987 983 3042 luctante
1003 2986 1097 3053 teneri,

249 3076 328 3130 Fecit
347 3077 457 3131 olorinis
476 3077 577 3131 Ledam
596 3076 726 3131 recubare
744 3077 793 3132 sub
813 3076 873 3131 slis.

195 3165 271 3220 Fast.
292 3165 404 3220 111223,
425 3171 592 3221 monstratur
605 3165 700 3221 Iunius
720 3166 897 3221 ...Utilis
916 3172 950 3221 et
969 3167 1069 3235 nuptis,
1089 3167 1196 3222 utilis
1215 3183 1274 3222 esse
1293 3168 1373 3226 viris.

355 3271 398 3335 ΙΙΙ
421 3271 501 3337 Vox
524 3275 596 3355 ,et‘
621 3272 775 3338 secundo
799 3274 954 3337 membro
980 3275 1184 3353 anteposita.

303 3395 398 3474 Quae
430 3399 606 3477 anaphora
640 3413 717 3462 cum
749 3414 769 3462 a
800 3413 962 3464 sermone
999 3399 1133 3478 vulgari
1164 3400 1373 3480 plerumque

195 3523 265 3570 non
288 3506 390 3570 facile
407 3505 646 3586 distinguatur,
670 3521 780 3585 pauca
803 3521 1056 3584 praemoneam.
1096 3503 1237 3586 Semper
1261 3522 1372 3586 quae-

195 3612 340 3677 rendum
365 3614 428 3695 est,
459 3614 573 3677 utrum
596 3628 667 3677 vox
690 3612 836 3691 repetita
860 3614 937 3677 sola
960 3615 1004 3677 ad
1029 3613 1261 3678 conectendas
1286 3628 1370 3678 sen-

195 3719 323 3784 tentias
355 3719 508 3783 sufficiat
539 3734 657 3782 necne.
706 3718 783 3784 Vox
815 3721 961 3799 repetita
993 3723 1109 3785 autem
1141 3723 1217 3786 sola
1239 3720 1370 3786 idonea

196 3829 251 3890 est
282 3827 326 3891 ad
359 3826 620 3908 conectendum,
653 3826 683 3889 si
715 3829 870 3891 membra
895 3827 1137 3906 coniungenda
1159 3829 1262 3909 plane
1286 3831 1371 3894 sunt
1454 3824 1456 3831 '

195 3933 299 4015 paria,
322 3933 433 3998 velut:

196 4040 245 4095 Ov.
266 4040 330 4095 Met.
349 4040 385 4093 lX
404 4039 465 4093 717.
502 4040 569 4093 Par
588 4047 673 4107 aetas,
692 4057 752 4109 par
771 4041 858 4095 forma
876 4041 939 4095 fuit.

195 4145 271 4211 Non
302 4148 351 4212 ita
383 4163 463 4211 esse
496 4163 540 4211 ex
571 4149 799 4227 sequentibus
829 4164 1024 4228 cognosces
1050 4151 1236 4230 exemplis:

196 4255 262 4310 Buc.
281 4255 318 4309 lx
336 4255 379 4309 48.
417 4257 528 4309 Astrum
548 4272 616 4324 quo
635 4263 744 4325 segetes
763 4258 951 4324 gauderent
969 4257 1096 4331 frugibus
1115 4266 1150 4312 et
1169 4275 1232 4332 quo

249 4344 369 4399 Duceret
387 4343 487 4414 apricis
505 4344 534 4399 iu
553 4344 665 4400 collibus
684 4361 740 4402 uva
757 4346 880 4403 colorem.
