3052 4876
663 257 862 338 -oa-

173 449 267 514 nullo
300 449 368 515 alio
399 451 617 537 interposito,
649 452 752 532 quale
775 455 830 517 est
852 452 934 552 illud
959 453 1037 534 ,iam
1060 453 1210 534 iamque‘
1236 456 1273 518 et
1293 439 1348 520 bis

174 556 306 621 similia
344 555 463 621 Velut:

173 709 238 763 Met.
258 708 309 762 XV
328 708 387 763 183.
425 709 559 778 Tempora
583 709 622 764 sic
642 709 754 780 lugiunt
776 711 919 781 pariter
944 714 1156 782 pariterque
1186 721 1353 784 sequuntur.

174 806 238 861 blot.
258 806 366 861 111580.
405 807 462 862 Ede
481 813 559 864 tuum
579 824 702 864 nomen
721 825 912 880 nomenque
931 818 1082 880 pareutum.

174 904 239 960 Met.
260 905 352 960 1642.
391 907 429 959 nt
448 905 496 961 illa
514 912 620 976 patrem
640 908 800 977 seqnitur
819 909 1053 978 sequiturque
1072 926 1185 967 sorores.

173 1004 238 1058 Met.
258 1003 314 1059 Vlll
331 1004 392 1060 292.
1036 1010 1123 1063 Area
1142 1011 1284 1064 frustra

227 1093 270 1147 Et
287 1092 426 1148 trustra
445 1100 606 1163 exspectant
625 1095 771 1165 promissas
794 1097 893 1152 horrea
911 1112 1019 1152 messes.

174 1200 240 1256 liet.
260 1202 295 1257 Vl
316 1200 374 1256 193.
413 1201 476 1257 Sum
496 1203 586 1257 felir
606 1202 678 1271 (quis
698 1203 768 1257 enim
789 1210 873 1274 neget
892 1205 953 1269 hoc)
973 1204 1135 1273 felixque
1155 1206 1277 1261 manebo.

175 1299 239 1354 Met.
260 1300 284 1354 X
304 1301 363 1355 108.
401 1301 454 1368 Qui
472 1301 604 1356 citharam
624 1302 744 1357 nervis
763 1310 797 1357 et
816 1304 939 1358 nervis
958 1309 1094 1373 temperat
1114 1319 1214 1360 ercuru.

175 1398 240 1453 Met.
259 1398 384 1453 xl1614.
422 1407 543 1454 armarat
563 1401 629 1454 deus
647 1399 732 1455 idem
759 1401 917 1469 idemque
937 1398 1078 1456 cremarat.

175 1500 241 1554 Aen.
261 1499 316 1554 Vlll
330 1497 390 1553 649.
410 1498 568 1569 indignanti
587 1499 736 1555 similem
755 1499 976 1568 similemque
995 1501 1120 1556 minanti.

603 1590 655 1651 (De
674 1589 845 1656 Halienticis,
864 1608 889 1658 p.
908 1591 941 1645 61
962 1598 991 1645 et
1009 1590 1065 1651 62).

282 1748 370 1815 Dicit
392 1750 495 1831 igitur
526 1750 577 1814 vir
601 1750 826 1817 doctissimus
852 1751 896 1815 ad
920 1751 1169 1817 vocabulorum
1193 1754 1354 1832 gemina-

175 1858 306 1923 tionem
340 1859 458 1941 talem,
495 1859 632 1939 qualem
667 1858 867 1940 descripsit,
905 1860 1064 1939 copulam
1098 1861 1141 1925 et
1171 1861 1229 1924 vel
1266 1877 1355 1942 que

176 1965 355 2044 aptissime
378 1966 552 2032 accedere.
591 1961 691 2042 Quod
707 1965 756 2028 ita
779 1980 860 2028 esse
883 1980 974 2029 nunc
998 1966 1102 2031 etiam
1124 1967 1282 2046 pluribus
1310 1985 1356 2034 ex

175 2070 328 2153 Vergilio
353 2076 388 2137 et
410 2069 535 2138 Ovidio
564 2071 778 2152 depromptis
802 2071 1050 2138 demonstrabo
1075 2073 1246 2139 versibus.

175 2237 243 2290 Aen.
264 2235 288 2290 V
307 2237 331 2290 9.
370 2235 494 2290 Occurrit
513 2235 603 2300 tellus,
622 2234 708 2288 maria
727 2233 880 2302 undique
899 2244 933 2289 et
951 2235 1109 2304 undique
1128 2236 1242 2304 oriolum,

176 2335 244 2389 Aen.
262 2334 288 2388 X
306 2333 367 2389 756.
401 2333 557 2389 (laedebant
580 2333 716 2401 pariter
740 2331 949 2401 pariterque
974 2333 1099 2390 ruebant.

176 2433 234 2486 Am.
254 2432 328 2498 1114,
348 2432 391 2486 40.
429 2432 559 2486 Romulus
579 2431 713 2486 Iliades
732 2431 935 2499 Iliadesque
955 2431 1063 2487 Remus.

177 2529 286 2584 Heroid.
306 2530 362 2584 Vlll
381 2529 423 2583 63.
462 2529 518 2584 Has
537 2529 623 2583 habeo
642 2545 778 2599 semper
796 2545 1001 2598 semperque
1020 2530 1163 2599 profundo,

176 2619 216 2674 Ib.
236 2620 278 2674 71.
316 2619 424 2675 Castori
441 2617 626 2687 'Amyclaeo
646 2625 679 2674 et
697 2619 878 2687 Amyclaeo
897 2619 1010 2675 Polluci.

177 2727 251 2781 Fast.
270 2725 380 2780 111824.
419 2725 461 2779 Sit
480 2725 582 2793 Tychio
602 2724 707 2779 doctior
726 2725 771 2778 ille
790 2725 879 2779 licet

230 2816 273 2869 Et
292 2815 380 2869 licet
399 2813 512 2881 antiquo
532 2813 656 2867 manibus
676 2814 800 2868 conlatus
820 2814 902 2882 Epeo.

176 2923 253 2977 Fast.
273 2924 297 2976 V
318 2921 376 2976 179.
415 2923 505 2975 Mater
524 2921 620 2989 Hyan
640 2926 674 2974 et
692 2920 790 2988 Hyan
809 2928 929 2975 maestae
948 2920 1048 2976 flevere
1066 2937 1179 2977 sorores.

176 3022 218 3075 Ex
237 3021 316 3075 Pont.
336 3021 399 3085 113,
419 3020 462 3074 87.
500 3020 577 3074 Inter·
597 3019 749 3074 confessum
770 3019 869 3075 dubie
888 3020 1062 3088 dubieque
1081 3027 1240 3091 negantem,

178 3119 219 3173 llx
238 3120 269 3173 P.
289 3120 323 3172 lV
346 3121 386 3185 16,
406 3119 451 3172 25.
490 3117 700 3184 Trinacriusque
719 3134 785 3172 suae
809 3118 955 3172 Perseidos
974 3126 1101 3174 auctor
1120 3125 1153 3173 et
1173 3126 1301 3177 auctor

231 3207 395 3263 Tantalidae
414 3207 521 3262 reducis
540 3205 764 3276 Tyndaridosque
785 3208 887 3276 Lupus.

283 3351 403 3432 Neque
434 3354 548 3416 tamen
583 3351 698 3430 colligi
731 3353 869 3429 oportet
895 3351 954 3414 tali
986 3351 1185 3429 anaphoras
1214 3363 1347 3428 semper

178 3462 336 3541 copulam
373 3460 568 3524 adhaerere.
616 3457 710 3522 Birtii
745 3459 835 3522 enim
870 3460 958 3523 baec
992 3458 1047 3521 est
1081 3472 1244 3537 suprema
1274 3456 1350 3520 lex:

178 3567 365 3652 ,Summum
398 3583 524 3631 munus
549 3570 604 3630 est
627 3566 833 3647 anaphoras,
866 3570 904 3629 ut
934 3564 1177 3645 particularum
1204 3565 1352 3645 gratiam

179 3677 336 3757 scriptori
359 3675 481 3739 iaciat!
528 3670 641 3749 Quare
669 3674 703 3737 in
732 3674 825 3737 omni
857 3674 1033 3752 anaphora
1058 3673 1204 3751 primum
1229 3670 1352 3734 diiudi-

180 3783 327 3847 candum
351 3784 414 3862 est,
438 3795 608 3859 quaenam
633 3780 679 3843 sit
702 3781 859 3844 condicio
884 3779 1050 3842 enuntiati
1076 3782 1112 3842 et
1135 3789 1223 3858 quae
1246 3777 1351 3855 parti-

180 3891 256 3954 cula
280 3890 344 3954 sub
361 3889 469 3952 altero
486 3887 684 3966 anaphoras
708 3887 863 3952 membro
887 3886 1002 3949 lateat.
1042 3883 1143 3962 Quod
1166 3885 1197 3951 sl
1219 3883 1350 3948 laetum

179 3998 244 4061 erit
258 4000 294 4060 et
310 3996 487 4075 cognitum
508 4010 585 4059 eam
610 4008 691 4059 esse
708 3994 928 4074 anaphoram,
953 3992 1051 4056 euius
1076 3993 1220 4058 alterum
1243 4003 1349 4053 mem-

181 4106 278 4169 brum
303 4103 448 4182 copulae
470 4102 689 4183 respondeat,
720 4103 802 4164 tuno
833 4099 972 4164 demum
1001 4099 1085 4163 illud
1117 4098 1212 4163 Birtit
1237 4098 1353 4162 utrum

180 4227 301 4276 verum
325 4211 370 4275 sit
394 4226 437 4274 an
460 4210 597 4293 falsum,
620 4208 818 4289 inquiratur.
854 4205 941 4272 Nam
961 4222 1086 4272 vocem
1109 4206 1196 4288 ,que‘
1218 4202 1277 4269 vel
1299 4205 1353 4284 ,et‘

59 4340 62 4347 ·
181 4320 261 4399 apte
289 4317 332 4382 ad
361 4317 506 4381 alterum
534 4318 725 4381 membrum
750 4314 864 4380 adseri
887 4330 958 4380 non
988 4328 1105 4399 posse,
1140 4312 1172 4378 sl
1203 4309 1354 4391 exempli
