3052 4876
629 283 827 346 ,47-

138 469 264 547 autem,
297 480 365 545 qua
395 461 480 526 illud
513 461 661 540 primum
694 460 890 538 exemplum
923 459 966 523 ah
991 459 1098 523 altero
1123 459 1248 543 diiiert,
1279 463 1313 527 in

140 572 293 640 secunda
307 586 395 636 voce
408 568 654 650 repetitionum
671 567 889 646 conspicitur.
924 563 1008 630 Nam
1033 566 1063 631 si
1086 567 1144 632 illa
1160 569 1313 634 secunda

139 697 210 747 vox
232 680 324 744 idem
348 675 525 758 significat
546 691 586 740 ac
601 675 702 756 prior,
727 673 903 753 anaphora
920 675 982 753 est,
1007 672 1177 756 siminus,
1202 691 1313 741 eorre-

139 789 231 854 latio.
266 783 343 864 Qua
358 787 393 849 in
407 800 446 849 re
460 800 531 848 non
550 799 570 847 a
585 783 767 862 proposito
784 796 866 845 esse
882 781 1026 845 arbitror
1042 796 1314 848 commemorare

138 909 211 959 non
235 907 412 972 nunquam
437 890 504 954 alia
527 904 667 981 quoque
691 888 825 951 ratione
850 886 1090 966 repetitionem
1117 890 1314 967 anaphoras

141 1000 349 1066 simillimam
373 996 475 1063 efflei.
506 995 610 1061 Velut
633 1010 749 1075 saepe,
775 995 832 1074 qui
856 993 966 1073 digito
990 993 1118 1074 aliquid
1135 999 1314 1077 monstrat,

141 1121 351 1188 quamquam
374 1104 467 1170 idem
491 1103 635 1168 verbum
658 1101 791 1181 repetit,
815 1101 907 1165 aliud
931 1100 1113 1180 signiiicat.
1159 1100 1315 1182 Exempli

140 1214 250 1294 gratia
281 1211 366 1276 illud
389 1209 533 1290 Vergilii
563 1209 599 1271 in
627 1209 729 1271 sexto
753 1205 930 1271 Aeneidos
954 1207 1041 1271 libro
1066 1208 1159 1291 (836)
1183 1209 1314 1275 aliero:

247 1335 329 1399 ille
351 1333 563 1414 triumphata
586 1329 752 1410 Capitolia
776 1331 819 1394 ad
844 1332 913 1395 alta
936 1328 1100 1396 Corintho

250 1441 369 1506 Victor
393 1442 475 1520 aget
498 1454 630 1503 currum
657 1439 770 1502 caesis
794 1438 941 1518 insignis
965 1437 1117 1503 Achivis.

250 1547 354 1612 Eruet
376 1547 457 1611 ille
480 1545 593 1626 Argos
618 1544 982 1628 Agamemnoniasque
1004 1545 1176 1626 Mycenas.

248 1689 320 1755 lam
352 1688 516 1753 nonullos
545 1688 644 1752 locos
669 1687 775 1768 attuli,
808 1687 991 1770 inquibus
1022 1704 1106 1753 vera
1138 1692 1316 1770 anaphora

143 1799 188 1862 ab
211 1813 262 1877 ea,
285 1812 375 1878 quae
398 1795 515 1874 specie
531 1798 664 1859 tantum
689 1797 752 1875 est,
775 1796 869 1859 nullo
894 1796 1036 1875 negotio
1063 1796 1315 1864 intemoscitur.

144 1903 219 1969 Non
250 1918 328 1967 raro
360 1904 474 1966 autem
510 1903 543 1966 in
576 1903 733 1966 oratione
768 1903 1036 1983 deprehenditur
1058 1902 1180 1978 lorma,
1216 1922 1315 1989 quae,

144 2011 237 2095 quod
268 2027 340 2076 vox
369 2011 516 2091 repetita
547 2010 643 2074 omni
674 2026 717 2073 ex
749 2013 846 2090 parte
879 2026 957 2074 cum
981 2011 1210 2076 antecedente
1234 2029 1314 2077 con-

143 2119 243 2199 gruit,
264 2118 426 2182 iacillime
450 2133 527 2181 cum
552 2117 727 2196 anaphora
752 2117 998 2199 confundatum
1031 2119 1094 2182 sed
1127 2135 1209 2183 vera
1233 2136 1313 2185 ana-

144 2226 254 2305 phora
262 2225 363 2290 aliam
374 2225 477 2288 etiam
487 2227 606 2289 notam
616 2224 823 2288 discriminis
832 2225 945 2286 hahet.
966 2223 1028 2288 Est
1040 2229 1129 2289 enim
1141 2228 1316 2306 proprium

142 2333 245 2398 huius
268 2333 403 2413 iigurae
427 2331 550 2396 eadem
574 2330 824 2394 sententiarum
853 2345 982 2408 genera
1009 2331 1173 2394 inchoare
1205 2335 1315 2397 velut:

250 2455 312 2523 Ov.
336 2473 401 2521 am.
425 2455 468 2519 ΙΙΙ
491 2457 575 2518 419:
637 2472 639 2479 ·

189 2562 370 2630 Centum
394 2563 509 2626 fronte
533 2562 684 2644 occulos
709 2564 886 2626 centum
911 2563 1045 2626 cervice
1068 2566 1220 2643 gerebat.

143 2688 207 2754 Vel
231 2687 292 2754 Ov.
316 2688 367 2752 De
392 2689 451 2752 art.
476 2704 540 2752 am.
564 2686 592 2751 ll
617 2689 697 2752 291:

189 2810 231 2879 Si
254 2829 403 2894 poenam
428 2829 540 2895 servu,
565 2814 603 2878 si
628 2813 765 2877 vincula
789 2828 896 2878 saeva
919 2815 1073 2881 remittis

144 2935 341 3002 Sententias
372 2940 487 3000 autem
514 2938 657 3001 huiusce
687 2938 780 3001 modi
810 2938 840 3002 si
864 2939 1021 3021 legimus
1050 2955 1119 3004 non
1146 2936 1335 3007 sentimus

146 3042 374 3120 anaphoram:

253 3163 314 3230 Ον.
339 3166 382 3230 de
406 3168 466 3231 art.
491 3182 555 3231 am.
578 3166 607 3231 ll
630 3168 713 3234 300:

190 3269 353 3354 Gausapa
376 3275 407 3338 si
431 3274 544 3358 sumit,
567 3292 724 3356 gausapa
748 3281 887 3357 sumpta
910 3281 1027 3357 proha.

250 3413 399 3483 Omissis
431 3418 535 3497 igitur
568 3420 655 3485 locis
691 3420 750 3500 qui
783 3420 900 3499 specie
935 3424 1068 3485 tantum
1104 3426 1314 3504 anaphoram

144 3522 321 3588 continent
336 3524 380 3589 ad
405 3541 481 3590 eam
496 3527 665 3608 venimus,
690 3543 779 3607 quae
795 3542 878 3591 vere
894 3527 976 3591 mihi
993 3530 1115 3593 dicitur
1131 3533 1331 3611 anaphora.-

144 3625 212 3693 Sed
229 3630 332 3694 etiam
347 3632 404 3697 hic
417 3634 559 3698 nonulla
574 3648 704 3713 genera
720 3635 762 3696 ah
779 3635 846 3697 hac
860 3635 1065 3699 tractatione
1082 3638 1316 3722 excludentur,

143 3737 239 3801 velut
255 3754 297 3802 ea
313 3741 498 3821 anaphora,
522 3756 612 3819 quae
629 3739 786 3820 eflicitur,
811 3755 888 3804 oum
906 3743 1046 3822 saepius
1064 3744 1170 3808 verba
1189 3745 1314 3810 eodem

144 3859 250 3910 sensu
274 3860 344 3910 non
369 3850 485 3910 autem
502 3846 625 3910 eadem
641 3845 754 3909 forma
770 3852 999 3912 resumuntur.
1032 3848 1188 3930 Exempli
1205 3853 1316 3930 gratia

143 3950 254 4015 allero
278 3951 377 4014 illud:

250 4086 352 4167 Verg.
376 4086 460 4152 Aen.
483 4087 528 4152 Xl
552 4090 631 4153 715:

188 4191 308 4257 Vane
331 4192 435 4273 Ligus
459 4194 723 4280 frustraque
748 4197 871 4264 animis
895 4199 985 4265 elate
1009 4203 1176 4287 superbis,

187 4299 492 4383 Nequidquam
516 4303 647 4381 patrios
669 4307 848 4385 temptasti
871 4308 1022 4374 lubricus
1047 4314 1147 4376 artes.
