3052 4876
663 303 862 376 ...17¹-

182 494 240 577 μὲν
266 533 305 542 -
331 491 366 556 δὲ
391 491 574 555 discrimen
597 489 688 554 iacit.
714 487 873 555 Ceterum
896 487 1137 568 Hermogenes
1161 487 1251 552 celat
1274 491 1353 554 cau·

183 619 267 684 sam,
281 629 285 635 ·
300 574 359 665 cur
388 598 565 678 anaphora
588 597 670 658 κατὰ
695 595 802 676 κόμμα
827 596 993 660 oiiendat.
1040 591 1141 671 Quod
1165 596 1288 659 attinet
1310 596 1354 660 ad

181 709 274 773 illam
299 717 432 785 ταχεῖαν
452 715 511 766 ταῦ
525 713 684 788 μερισμοῦ
700 701 870 779 ἀπόδοσιν,
894 701 1098 786 DemetrillS,
1121 706 1160 767 ut
1183 718 1228 766 ex
1251 703 1355 769 allato

184 816 344 897 exemplo
369 814 600 893 cognoscitur,
629 811 871 891 perpulchrum
898 810 933 873 id
957 825 1039 874 esse
1061 810 1198 875 iudicat
1244 809 1297 874 An
1320 810 1356 874 in

184 923 392 988 carminibus
417 920 615 998 anaphorae
638 918 748 981 maior
772 919 828 980 est
850 917 988 980 licentia
1010 932 1115 996 quam
1138 917 1173 980 in
1193 917 1355 982 orationi-

185 1027 279 1094 bus‘?
304 1027 371 1093 Sed
394 1027 430 1090 id
453 1042 624 1105 nusquam
649 1024 868 1090 instituimur.
901 1020 1062 1088 Concedo
1083 1026 1223 1103 propter
1245 1025 1356 1090 brevi-

184 1140 291 1202 tatem
307 1119 460 1216 membri,
477 1133 571 1212 quod
588 1133 786 1211 anaphorae
803 1131 976 1212 adhaeret,
991 1130 1104 1216 ipsam
1115 1131 1356 1210 repetitionem

184 1260 255 1308 non
278 1245 347 1306 iarn
372 1257 513 1321 gravem
539 1242 573 1303 et
597 1239 821 1318 conspicuam
845 1253 927 1302 esse
951 1240 986 1301 et
1008 1237 1066 1301 illa
1088 1237 1216 1302 virtute
1239 1254 1356 1304 caren-

186 1355 255 1413 tem
288 1349 416 1427 aliquid
449 1347 643 1410 venustatis
676 1347 841 1410 amittere.
888 1343 957 1410 Sed
988 1347 1023 1409 et
1052 1345 1119 1424 ipsi
1147 1344 1358 1427 Hermogeni

186 1456 243 1518 illa
266 1470 336 1518 non
362 1456 434 1517 erat
458 1453 665 1531 gravissima
689 1469 804 1534 causa,
829 1469 888 1516 cur
912 1452 1124 1530 anaphoram
1147 1453 1229 1515 κατὰ
1249 1451 1357 1535 κόμμα

136 1577 140 1582 ·
173 1563 390 1642 1919119191.
413 1557 503 1623 Dicit
525 1559 632 1622 enim:
665 1560 811 1620 (necoda
837 1557 878 1620 όὲ
902 1558 974 1621 καὶ
998 1557 1017 1641 ἡ
1041 1568 1156 1638 ταχεῖα
1177 1569 1235 1622 τοῦ
1250 1581 1358 1646 μερισ-

186 1679 249 1750 μαῦ
281 1665 442 1741 ἀπόδοσις
474 1662 510 1727 τό
543 1661 660 1747 μνρμόν
685 1659 846 1749 ἐποίησεν.
893 1662 989 1742 Quae
1011 1666 1116 1746 igitur
1139 1669 1195 1730 est
1222 1666 1365 1731 causa‘l.

186 1777 335 1840 loannes
359 1772 493 1838 Siculus
526 1771 643 1836 affert:
677 1772 788 1856 ὥσπερ
817 1769 854 1834 τὸ
883 1770 1062 1850 όαόνόεταν,
1091 1773 1210 1856 inquit,
1242 1770 1271 1836 εἰ
1301 1773 1360 1855 μὲν

188 1882 242 1945 διὰ
265 1891 398 1964 μακρῶν
421 1879 534 1941 κώλων
558 1874 726 1962 ἐκφέροντα
751 1877 966 1964 λαμπρότητα
990 1889 1091 1956 ποιεῖ,
1116 1877 1145 1942 εἰ
1172 1878 1207 1942 δὲ
1232 1879 1285 1943 διὰ
1308 1905 1360 1962 μι-

188 2001 274 2073 κρῶν
298 1986 489 2071 γοργότητα,
515 1984 600 2048 οὕτω
625 1985 663 2070 δὴ
687 1987 742 2048 καὶ
758 1986 952 2072 ἐπαναφορὰ
970 1985 1024 2050 διὰ
1039 1998 1172 2073 μακρῶν
1190 1986 1249 2068 μὲν
1267 1990 1361 2074 ἐκφε-

189 2099 302 2181 ραμένη
327 2090 441 2168 κάλλος
464 2102 561 2168 ποιεῖ,
587 2090 642 2154 διὰ
667 2090 701 2154 δὲ
723 2103 927 2172 κομματικῶν
948 2093 1134 2180 γοργότητα.
1167 2092 1244 2171 Qua
1264 2097 1300 2159 ln
1323 2112 1361 2162 re

190 2200 480 2267 commonendum
505 2216 586 2263 esse
610 2201 755 2264 arbitror
778 2199 988 2265 Demetrium
1016 2203 1215 2282 anaphorae
1237 2202 1361 2284 triplex

189 2325 316 2374 nomen
341 2309 498 2372 dedisse:
523 2311 558 2370 et
580 2301 798 2392 ἒπαναφορὰν
814 2310 850 2372 et
870 2306 1040 2370 ἀσύνδετον
1057 2312 1093 2373 et
1109 2305 1359 2390 ὃμοιατέλεαταν,

190 2422 225 2481 91
248 2418 292 2481 (19
315 2417 392 2496 ipsa
416 2416 592 2494 anaphora
615 2431 686 2479 non
709 2416 760 2479 sic
783 2417 937 2480 locutum
951 2431 1042 2498 esse,
1065 2419 1104 2480 ut
1118 2418 1232 2498 colligi
1248 2419 1362 2498 possit

190 2525 336 2588 eandem
362 2524 572 2600 anaphoram
596 2537 675 2585 eum
700 2522 814 2586 dicere
838 2524 928 2588 velle
951 2540 992 2588 ac
1011 2539 1087 2606 noe,
1111 2525 1175 2589 sed
1191 2525 1235 2589 (19
1250 2524 1362 2588 καλαν-

189 2634 268 2714 μένῃ
285 2628 433 2713 ἀναφορᾷ
458 2629 583 2708 egisse.
614 2628 652 2692 ld
674 2629 786 2708 igitur,
811 2631 904 2709 quod
921 2631 1097 2710 anaphora
1118 2628 1287 2694 ἀσύνδετα
1308 2637 1363 2698 est

191 2743 226 2801 et
250 2737 445 2816 asyndeton
469 2736 559 2798 bene
582 2741 786 2814 usurpatum
810 2753 912 2801 aures
944 2737 1102 2819 delectat,
1132 2739 1222 2802 male
1246 2744 1361 2805 autem

192 2845 381 2909 adhibitum
398 2842 555 2924 offendit,
580 2841 836 2923 Hermogenem
854 2845 1051 2928 commovit,
1068 2848 1106 2909 ut
1121 2847 1298 2925 anaphora
1313 2848 1362 2912 di-

191 2968 294 3016 versa
329 2949 422 3014 911191
457 2949 606 3013 doceret.
652 2949 727 3014 Hoc
761 2951 866 3015 etiarn
901 2967 943 3015 eo
979 2953 1231 3035 comprobatur,
1268 2956 1363 3034 quod

192 3073 347 3122 omnes
386 3056 593 3134 reliquos
629 3057 776 3120 virtutes
811 3060 946 3121 tantum
981 3059 1179 3137 anaphorae
1213 3060 1363 3126 tribuere

191 3166 360 3230 videmus.
412 3161 498 3227 Sunt
528 3165 662 3226 autem:
695 3161 840 3249 δεινότης
871 3164 1103 3250 (Demetrius),
1133 3167 1278 3252 ἐνέργεια
1308 3169 1363 3231 καὶ

192 3270 384 3356 λαμπρότης
417 3268 599 3353 (Tiberius)
632 3270 690 3333 vel
727 3271 963 3352 amplificatio,
994 3273 1157 3352 gravitas
1191 3276 1363 3353 splendor.

299 3378 373 3442 Hae
404 3377 508 3457 igitur
543 3376 741 3455 anaphorae
774 3381 855 3442 sunt
885 3380 1040 3444 virtutes.
1086 3377 1223 3456 Quanto
1255 3383 1365 3447 maior

110 3542 114 3551 .
194 3490 249 3551 est
281 3501 475 3551 numerus
505 3482 825 3550 distinctionuml
871 3484 936 3549 Alii
965 3488 1214 3552 sententiarum
1238 3491 1365 3573 partes,

195 3594 320 3673 quibus
336 3593 495 3672 repetitio
513 3591 686 3673 adhaeret,
702 3594 928 3670 respicientes
945 3593 1151 3672 dispertiunt
1167 3596 1363 3674 anaphoras

194 3699 541 3785 (Hermogenes),
577 3700 667 3780 sunt,
702 3701 761 3778 qui
789 3701 1001 3779 anaphoram
1032 3703 1295 3767 antecedentem
1330 3706 1366 3768 et

195 3812 400 3888 sequentem
424 3807 576 3871 habeant
599 3808 659 3870 aut
682 3822 759 3870 eam
784 3823 873 3886 quae
889 3823 959 3872 non
977 3824 997 3872 a
1012 3809 1085 3888 pari
1101 3810 1209 3874 verbo
1225 3810 1366 3875 inchoet

195 3914 258 3978 sed
283 3915 385 3978 simili
409 3913 703 3997 (Alexander),
727 3929 792 3977 nec
815 3914 951 3996 desunt,
983 3915 1041 3994 qui
1069 3916 1261 3995 simplicem
1284 3933 1365 3981 ana-

195 4022 339 4099 phoram
373 4020 571 4083 discernant
605 4036 625 4083 a
659 4021 785 4099 duplici
819 4019 1096 4105 (Alexander,
1131 4021 1366 4107 Zonaeus);
1416 4104 1417 4107 ρ

197 4124 279 4204 quid
313 4124 408 4202 quod
439 4124 594 4188 nonnulli
628 4128 795 4206 exemplis
829 4130 963 4192 tantum
996 4129 1108 4193 allatis
1132 4129 1297 4212 efficiunt,
1328 4136 1367 4195 ut

197 4230 371 4295 distinctio
405 4229 575 4307 quaedam
608 4235 774 4311 cognosci
808 4236 922 4313 possit
957 4234 1188 4320 (Tiberius,
1227 4237 1365 4302 Hero-

198 4337 333 4401 dianu
344 4352 371 4420 S,
386 4334 669 4423 Anonymusp
690 4343 772 4404 sunt
788 4342 946 4424 denique,
962 4345 1021 4422 qui
1037 4343 1191 4423 syllabas
1208 4347 1244 4408 et
1262 4347 1369 4410 verba

1227 4449 1246 4508 2
