3052 4876
720 303 913 366 ..60„.

235 480 294 534 Am.
315 481 329 534 I
348 481 414 534 XIV
435 481 475 535 15.
513 480 588 535 Non
607 497 670 535 acus
689 481 806 550 abrupit,
825 498 891 536 uon
910 483 1012 540 vallum
1031 480 1146 552 pectinis
1164 481 1233 536 illos.

236 588 300 642 Met.
321 587 445 644 111437.
484 587 554 643 Non
573 588 672 642 illum
691 588 804 655 Cereris,
824 605 888 643 non
908 589 1007 644 illum
1029 605 1094 644 cura
1112 588 1212 657 quietis

268 679 455 733 ·Abstrahere
473 677 535 733 inde
555 684 655 747 potest.

235 766 270 820 ib.
290 766 350 820 584.
388 767 458 822 Non
479 766 550 833 mihi,
570 782 639 835 quae
657 767 718 823 duri
737 769 865 831 colerent,
884 776 970 839 pater,
990 787 1058 824 arra
1076 769 1194 836 iuvenci,

289 855 477 924 Lanigerosva
496 872 604 925 greges,
622 873 688 912 non
707 857 764 912 ulla
783 865 905 913 armenta
923 859 1044 928 reliquit.

237 964 310 1017 Fast.
330 964 371 1018 IV
389 964 450 1019 496.
488 964 512 1017 Ν
520 981 559 1018 on
580 964 682 1019 homiui
700 965 786 1032 regio,
806 982 869 1020 non
889 966 1014 1020 adeunda
1034 967 1117 1021 ferae.

343 1088 443 1154 Haud
465 1106 543 1154 raro
561 1091 736 1171 anaphora
752 1091 867 1155 locum
884 1107 1001 1156 earum
1018 1092 1302 1156 coniunctionum
1320 1092 1414 1156 ohti-

239 1199 307 1279 net,
332 1213 422 1276 quae
445 1200 614 1263 vocantur
638 1198 875 1263 disiunctivae.

407 1392 439 1475 d)
464 1394 706 1475 Anaphora
729 1413 809 1475 pro
834 1399 939 1479 ‚aut‘
963 1397 1045 1480 (vel)
1069 1397 1240 1476 posita:

236 1539 302 1592 Aen.
323 1539 336 1592 I
356 1538 416 1593 231,
456 1539 542 1606 Quid
563 1554 637 1594 meus
657 1542 762 1595 Aeneas
781 1539 808 1594 in
828 1548 855 1595 te
877 1541 1046 1596 conrmittere
1065 1546 1183 1606 tanturn,

289 1628 376 1695 Quid
395 1627 480 1683 Troes
499 1634 621 1698 potuere,
641 1629 738 1696 quibus
758 1636 799 1684 tot
819 1631 916 1685 lunera
934 1630 1021 1699 passis

289 1717 407 1772 Orrnctus
427 1718 459 1772 ob
479 1717 589 1772 Italiam
608 1724 744 1773 terrarum
763 1720 900 1774 clauditur
919 1719 1009 1774 orbis?

237 1826 301 1879 Aen.
323 1825 416 1881 1565.
455 1825 537 1893 Quis
557 1841 643 1894 genus
663 1827 825 1892 Aeneadum,
845 1827 923 1895 quis
943 1827 1041 1882 Troiae
1059 1826 1164 1882 nesciat
1182 1825 1294 1880 urbem?

236 1934 303 1987 Aen.
323 1934 351 1987 11
370 1933 413 1988 69.
451 1935 520 2001 Heu,
539 1950 629 2002 quae
648 1951 696 1988 me
716 1934 805 2000 tellus,
824 1935 921 2004 inquit,
941 1952 1027 2003 quae
1046 1951 1092 1990 me
1111 1951 1229 2004 aequora
1248 1940 1366 2002 possunt

289 2023 437 2092 Accipere?

239 2131 304 2184 Aen.
325 2132 379 2186 VII
399 2131 459 2185 225.
496 2131 593 2185 Audiit
613 2138 647 2186 et
666 2132 694 2186 si
713 2148 810 2200 quem
829 2133 911 2187 tellus
931 2139 1053 2188 extreme
1072 2133 1163 2187 refuso

290 2221 437 2275 Submovet
456 2221 562 2276 Oceano
582 2227 616 2275 et
634 2222 663 2276 si
683 2238 779 2290 quem
799 2230 913 2277 extenta
930 2224 1073 2291 plagarum

290 2310 428 2377 Quattuor
447 2310 475 2365 in
494 2310 581 2365 medio
601 2310 705 2366 dirimit
722 2311 806 2382 plaga
824 2312 887 2365 solis
906 2309 1002 2380 iniqui.

714 2476 925 2484 ,Ἦ-

236 2578 286 2632 Am
315 2581 329 2633 Ι
348 2580 401 2633 Vll
423 2578 464 2633 19.
502 2580 582 2647 Quis
595 2579 660 2632 mihi
674 2597 737 2633 non
758 2581 892 2650 ,demens‘‚
912 2581 993 2649 quis
1006 2597 1070 2635 uon
1083 2579 1148 2634 mihi
1168 2579 1300 2646 ,barbare‘
1321 2579 1416 2634 dixit?

236 2686 295 2740 Am.
315 2687 328 2740 I
348 2688 414 2741 XIV
432 2688 475 2742 35.
513 2687 601 2755 Quid
626 2689 696 2741 mele
715 2687 860 2756 dispositos
879 2688 1000 2757 quereris
1019 2687 1132 2756 periisse
1151 2686 1282 2756 capillos?

291 2776 377 2840 Quid
397 2776 533 2844 speculum
553 2784 656 2831 praesta
676 2778 752 2844 ponis
771 2777 864 2845 inepta
883 2777 983 2832 manu?

235 2884 295 2937 Am.
315 2883 344 2936 II
363 2883 429 2936 XIV
449 2882 492 2938 33.
530 2882 620 2937 Dicite
639 2883 715 2951 quis
735 2883 845 2949 Tereus,
865 2884 941 2952 quis
960 2900 1009 2938 vos
1028 2882 1124 2938 inritet
1142 2882 1225 2938 Iaso?

236 2990 294 3045 Am.
315 2990 360 3043 lII
380 2991 435 3044 VII
452 2990 496 3045 27.
533 2990 612 3047 Num
631 3006 692 3044 mea
710 2990 867 3047 Thessalico
886 2991 1022 3060 languent
1040 2991 1142 3046 devote
1160 3005 1265 3045 veneno

291 3079 429 3149 Corpora?
447 3096 523 3135 num
542 3080 640 3134 misero
660 3097 768 3137 carmen
787 3087 815 3135 et
834 3082 918 3136 herba
936 3081 1056 3136 nocent?

235 3188 300 3242 Her.
319 3187 385 3241 XVI
406 3185 510 3256 [XVII]
529 3188 590 3243 228.
629 3188 720 3243 Unde
738 3194 829 3257 petam
849 3189 958 3256 fratres,
977 3190 1068 3243 uude
1086 3188 1208 3258 parentis
1227 3188 1325 3256 opem?

237 3295 289 3348 Ars
308 3311 360 3348 am.
379 3296 408 3349 ΙΙ
427 3295 487 3350 366.
527 3297 619 3364 Quod
638 3304 678 3362 tn,
698 3296 789 3364 qnod
808 3296 914 3351 faceret
933 3295 1055 3365 quilibet,
1075 3296 1122 3351 ille
1140 3294 1216 3350 facit.

236 3401 301 3456 hec.
321 3401 366 3456 Vll
384 3403 427 3458 32.
467 3404 524 3458 Hoc
544 3420 595 3473 ego
614 3405 637 3458 si
656 3404 756 3473 patiar,
775 3411 844 3458 turn
864 3419 906 3458 me
925 3405 958 3458 de
977 3403 1080 3473 tigride
1099 3410 1202 3469 natam,

289 3492 369 3546 Tum
389 3492 490 3548 ferrum
512 3500 541 3547 et
553 3495 675 3564 scopulos
695 3500 806 3562 gestare
824 3493 852 3549 in
873 3494 952 3548 corde
971 3493 1087 3568 fatebor.

237 3581 311 3635 Rern.
333 3599 384 3636 aur.
404 3582 464 3638 193.
502 3585 582 3652 Ipse
602 3594 699 3654 potes
719 3583 806 3652 riguis
828 3585 949 3653 plantam
970 3584 1105 3651 deponere
1125 3583 1152 3639 in
1171 3583 1267 3646 hortis,

290 3671 374 3739 Ipse
393 3678 497 3742 potes
517 3673 589 3728 rivos
609 3674 706 3727 ducere
724 3673 793 3729 lenis
813 3690 909 3742 aquae.

342 3794 414 3858 Iam
438 3797 524 3860 satis
541 3796 658 3861 multis
675 3799 843 3877 exemplis
867 3798 950 3861 mihi
973 3798 1095 3861 videor
1119 3796 1320 3861 ostendisse
1343 3798 1412 3861 sub

236 3903 413 3982 anaphora
436 3919 506 3967 non
530 3920 607 3969 raro
632 3905 910 3970 coniunctionem
935 3904 1177 3968 disiunctivam
1201 3903 1317 3968 latere.
1341 3899 1411 3967 Ad·

236 4008 493 4092 grediamurpd
508 4013 705 4091 anaphoras
719 4013 755 4076 vi
773 4027 889 4076 earum
907 4010 1188 4076 coniunctionum
1203 4011 1412 4089 exstructas,

237 4131 326 4194 quae
365 4118 579 4198 appellantur
616 4119 873 4199 adversativae,
908 4121 946 4180 ut
984 4119 1084 4199 ,sed‘
1121 4121 1199 4200 ,at,‘
1238 4119 1413 4199 ,autem‘·

236 4223 440 4305 Plerumque
463 4229 569 4306 poeta
593 4225 748 4290 secundo
773 4225 970 4304 anaphorae
996 4226 1149 4293 membro
1173 4225 1238 4292 has
1261 4225 1414 4308 particu-

237 4331 289 4399 las
313 4330 425 4421 addit;
449 4336 531 4399 sunt
554 4334 671 4404 autem
694 4333 770 4421 loci,
793 4332 852 4401 uhi
876 4332 999 4402 desint.
