3052 4876
614 306 808 372 ..55-

125 484 170 571 C)
195 485 337 552 Utrum
355 500 492 552 verum
517 484 572 551 sit
596 484 690 551 illud
712 482 825 550 Birtii
848 482 1036 549 iudicium
1063 499 1115 550 an
1137 484 1297 550 falsum.

220 607 390 686 Quoniam
400 611 718 675 demonstravimus
729 609 1042 688 verbaanaphorae
1056 610 1135 689 lege
1153 611 1299 689 repetita

125 718 327 798 plerumque
334 699 617 800 particulasessa
626 717 1030 798 nonnominaautverba,
1038 731 1153 798 neque
1162 726 1300 797 semper

124 825 222 904 gravi
238 825 307 888 ictu
323 825 393 905 legi
409 825 623 905 anaphoram
640 825 704 890 sed
719 825 856 888 tantum
871 823 1053 905 interdum,
1077 838 1169 887 nunc
1183 837 1299 888 exem·

125 931 191 1010 plis
214 931 435 1014 illustremus,
468 947 572 1012 quam
603 933 693 997 bene
724 931 783 996 illa
805 929 899 995 Birtii
934 930 1107 995 sententia
1137 930 1299 995 omnibus

126 1039 311 1119 anaphoris
328 1040 482 1120 adaptari
497 1040 620 1120 possit.
655 1038 889 1121 ,Anaphorae‘,
905 1039 1025 1120 inquit
1044 1053 1228 1121 ,summum
1245 1039 1301 1102 est

124 1161 259 1222 munus,
282 1148 321 1210 ut
335 1147 578 1226 particularum
593 1145 739 1226 gratiam
762 1145 922 1226 scriptori
943 1145 1067 1210 iaciat‘
1106 1142 1195 1220 Quid
1218 1143 1301 1208 dicit

124 1252 216 1317 aliud
247 1253 316 1317 nisi
348 1255 551 1334 scriptorem
584 1269 647 1334 pro
679 1252 854 1333 particulis
885 1253 979 1318 haud
1000 1267 1079 1318 raro
1103 1253 1300 1332 anaphoras

125 1357 320 1424 adhibere‘?
342 1360 450 1425 Poeta
465 1376 550 1426 vero
572 1376 631 1425 cur
653 1361 849 1441 anaphoras
865 1360 1031 1440 repudiet,
1055 1375 1134 1424 cum
1149 1360 1300 1424 maxime

125 1468 200 1532 eius
226 1468 421 1533 commodis
444 1465 666 1533 inserviant?
697 1467 913 1533 Iucunditate
937 1469 972 1532 et
995 1467 1166 1549 gravitate
1188 1466 1300 1532 oratio

126 1576 320 1657 exornatur,
344 1577 500 1640 membra
524 1575 705 1654 aptissime
729 1576 964 1656 conectuntur,
994 1591 1117 1639 versus
1141 1573 1300 1655 perpohti

122 1680 220 1745 iiunt
275 1680 398 1747 Nonne
428 1682 589 1763 vidimus,
621 1697 699 1745 cum
732 1681 775 1746 de
808 1682 1006 1761 anaphoras
1036 1682 1071 1746 vi
1104 1681 1301 1762 copulativa

126 1787 309 1870 egerimus
340 1788 512 1854 interdum
537 1804 581 1854 eo
606 1788 797 1869 coningere
820 1804 899 1854 eum
924 1791 1083 1854 coactum
1108 1801 1300 1869 essenon

126 1895 192 1960 alia
221 1895 424 1960 conexionis
453 1897 683 1961 instrumenta
712 1892 908 1961 deessent?
941 1893 1125 1971 Quomodo
1150 1894 1301 1960 enimin

126 2004 442 2069 enumerationibus
483 2004 565 2085 quin
605 2005 794 2084 legentium
835 2004 971 2069 animos
1007 2018 1146 2083 semper
1178 2001 1300 2066 eadem

125 2110 369 2175 coniunctione
390 2110 523 2191 tanget,
548 2126 609 2175 eas
634 2107 773 2175 evitet‘?
812 2107 996 2186 Quomodo
1024 2109 1194 2190 quasdam
1219 2124 1300 2174 con·

124 2216 319 2282 iunctiones
337 2218 436 2282 salvo
453 2219 564 2282 metro
581 2218 615 2281 in
640 2233 742 2282 usum
768 2233 870 2281 suum
896 2213 1107 2281 convertat?
1130 2213 1172 2280 Et
1196 2217 1301 2296 poeta

123 2340 193 2390 non
210 2326 352 2405 ignams
375 2327 591 2407 quantopere
605 2325 641 2388 in
658 2324 910 2402 componendis
926 2323 1086 2389 versibus
1104 2324 1301 2403 anaphoras

125 2431 244 2494 oiiicio
270 2432 460 2512 adiuvetur,
484 2431 595 2510 gratia
612 2431 687 2494 eius
704 2430 818 2514 utitur,
843 2431 979 2495 etiamsi
995 2430 1136 2495 minime
1159 2429 1300 2510 indiget.

125 2535 296 2601 Describit
319 2536 456 2618 aliquid,
481 2537 677 2617 anaphoras
702 2538 856 2602 arcessit
898 2537 1002 2603 Velut
1024 2536 1197 2617 Vergilius
1222 2533 1301 2602 Car-

123 2643 354 2728 thaginem:1)

177 2751 264 2819 Quem
282 2753 352 2808 Inno
370 2751 460 2809 iertm
478 2751 561 2809 terris
580 2753 669 2823 magis
693 2752 817 2808 omnibns
835 2768 917 2809 unam

176 2831 339 2888 Posthabito
358 2832 473 2890 coluisse
492 2834 587 2891 Samo:
607 2832 664 2889 hic
682 2830 756 2889 illius
775 2849 863 2900 orma,

175 2912 244 2967 Hic
264 2929 359 2968 conns
378 2912 442 2968 init.

229 2997 361 3062 Miraris
378 3001 472 3079 quod
487 3002 523 3065 in
539 3001 772 3082 descriptione
794 3001 939 3068 Aeoliae
961 3018 1032 3067 non
1056 3001 1147 3067 idem
1170 3001 1300 3066 iecerit

124 3103 297 3169 Describit
320 3105 427 3169 enim:
442 3107 469 3190 2)

180 3211 305 3266 Aeoliam
323 3212 410 3268 venit.
438 3213 503 3268 Hic
521 3220 601 3270 vasto
619 3232 669 3271 rex
687 3216 789 3272 Aeolus
809 3223 888 3272 antro

178 3292 329 3348 Laetantes
347 3299 446 3349 ventos
465 3299 713 3364 tempestatesque
732 3311 843 3351 sonores

176 3371 293 3442 irnperio
311 3373 411 3443 premit
429 3390 470 3430 sc
488 3372 588 3430 vinclis
607 3381 636 3431 et
654 3390 764 3432 carcere
783 3376 884 3432 benet.

122 3461 231 3527 Poeta
260 3463 364 3544 igitur
395 3466 455 3529 aut
487 3464 673 3544 particulas
711 3467 772 3530 aut
803 3466 999 3545 anaphoras
1030 3467 1172 3531 adhibet
1204 3467 1301 3530 tanta

123 3569 269 3651 licentia,
285 3573 324 3634 ut
334 3572 393 3636 vix
403 3572 603 3652 anaphorae
616 3573 676 3635 aut
686 3572 928 3651 particularum
939 3587 1081 3637 causam
1094 3587 1300 3653 cognoscas,

123 3674 199 3741 Non
214 3677 312 3741 aliter
327 3693 401 3743 rem
417 3677 453 3742 in
468 3678 667 3743 narratione
683 3690 765 3743 esse
788 3679 887 3743 hisce
912 3678 1080 3760 exemplis
1104 3678 1299 3744 illustretur.

123 3781 344 3864 Anaphoram
368 3786 479 3850 habes
502 3785 538 3850 in
562 3783 739 3851 Aeneidos
762 3785 850 3850 libro
873 3783 943 3851 lv.
968 3784 1034 3851 453
1058 3787 1094 3850 et
1116 3802 1177 3866 sq:

176 3889 298 3958 Namque
317 3892 366 3948 snb
385 3892 494 3969 ingenti
512 3894 615 3950 lustm
632 3895 712 3950 dum
730 3893 841 3963 ampula
859 3894 961 3965 templo

178 3969 312 4038 Reginam
330 3972 482 4040 opperiens,
500 3974 577 4030 dnm
597 3989 667 4042 quse
686 3975 800 4030 inmune
817 3974 855 4030 sit
873 3973 935 4030 urbi

177 4047 373 4117 Artificumque
390 4067 487 4108 manus
505 4051 581 4110 iutra
598 4069 629 4110 se
647 4070 812 4124 operumque
831 4054 950 4112 laborem

177 4126 302 4195 Miretur,
321 4129 399 4186 ridet
416 4131 516 4198 iliacas
534 4148 569 4188 ex
587 4134 682 4191 ordine
700 4150 825 4210 pugnssp

234 4253 257 4318 ¹)
276 4256 344 4310 Aen
363 4254 378 4310 1
397 4255 439 4311 ia.

231 4341 257 4419 ³)
276 4343 344 4406 een.
362 4344 378 4404 1
395 4342 439 4407 ta.
