<?xml version="1.0" encoding="UTF-8"?>
<!DOCTYPE html PUBLIC "-//W3C//DTD XHTML 1.0 Transitional//EN"
    "http://www.w3.org/TR/xhtml1/DTD/xhtml1-transitional.dtd">
<html xmlns="http://www.w3.org/1999/xhtml" xml:lang="en" lang="en">
 <head>
  <title>
</title>
<meta http-equiv="Content-Type" content="text/html;charset=utf-8" />
  <meta name='ocr-system' content='tesseract 3.04.00' />
  <meta name='ocr-capabilities' content='ocr_page ocr_carea ocr_par ocr_line ocrx_word'/>
</head>
<body>
  <div class='ocr_page' id='page_1' title='image "./deanaphorainexe00ottogoog_0032.png"; bbox 0 0 3052 4876; ppageno 0'>
   <div class='ocr_carea' id='block_1_1' title="bbox 664 294 858 358">
    <p class='ocr_par' dir='ltr' id='par_1_1' title="bbox 664 294 858 358">
     <span class='ocr_line' id='line_1_1' title="bbox 664 294 858 358; baseline 0 -17"><span class='ocrx_word' id='word_1_1' title='bbox 664 294 858 358; x_wconf 74' lang='lat'>..27-</span> 
     </span>
    </p>
   </div>
   <div class='ocr_carea' id='block_1_2' title="bbox 172 469 1348 885">
    <p class='ocr_par' dir='ltr' id='par_1_2' title="bbox 172 469 1348 885">
     <span class='ocr_line' id='line_1_2' title="bbox 172 469 1346 554; baseline 0.001 -20"><span class='ocrx_word' id='word_1_2' title='bbox 172 473 347 551; x_wconf 88' lang='lat' dir='ltr'><strong>repetitur.</strong></span> <span class='ocrx_word' id='word_1_3' title='bbox 382 470 478 548; x_wconf 88' lang='lat' dir='ltr'>Quae</span> <span class='ocrx_word' id='word_1_4' title='bbox 502 488 580 537; x_wconf 92' lang='lat' dir='ltr'><strong>cum</strong></span> <span class='ocrx_word' id='word_1_5' title='bbox 603 471 651 536; x_wconf 90' lang='lat' dir='ltr'><strong>ita</strong></span> <span class='ocrx_word' id='word_1_6' title='bbox 675 471 753 554; x_wconf 89' lang='lat' dir='ltr'><strong>sint,</strong></span> <span class='ocrx_word' id='word_1_7' title='bbox 778 472 883 536; x_wconf 89' lang='lat' dir='ltr'><strong>etiam</strong></span> <span class='ocrx_word' id='word_1_8' title='bbox 908 472 1121 550; x_wconf 82' lang='lat' dir='ltr'><strong>anaphoram</strong></span> <span class='ocrx_word' id='word_1_9' title='bbox 1137 469 1346 538; x_wconf 87' lang='lat' dir='ltr'><strong>Graecorum</strong></span> 
     </span>
     <span class='ocr_line' id='line_1_3' title="bbox 176 578 1348 658; baseline 0 -16"><span class='ocrx_word' id='word_1_10' title='bbox 176 579 219 642; x_wconf 91' lang='lat' dir='ltr'><strong>ab</strong></span> <span class='ocrx_word' id='word_1_11' title='bbox 242 578 478 644; x_wconf 87' lang='lat' dir='ltr'><strong>Romanorum</strong></span> <span class='ocrx_word' id='word_1_12' title='bbox 518 579 770 645; x_wconf 89' lang='lat' dir='ltr'><strong>consuetudine</strong></span> <span class='ocrx_word' id='word_1_13' title='bbox 809 579 1006 658; x_wconf 84' lang='lat' dir='ltr'><strong>discrepare</strong></span> <span class='ocrx_word' id='word_1_14' title='bbox 1040 595 1111 644; x_wconf 93' lang='lat' dir='ltr'><strong>non</strong></span> <span class='ocrx_word' id='word_1_15' title='bbox 1149 578 1348 643; x_wconf 88' lang='lat' dir='ltr'><strong>incredibile</strong></span> 
     </span>
     <span class='ocr_line' id='line_1_4' title="bbox 175 685 1348 767; baseline 0.001 -18"><span class='ocrx_word' id='word_1_16' title='bbox 175 687 238 767; x_wconf 90' lang='lat' dir='ltr'><strong>est,</strong></span> <span class='ocrx_word' id='word_1_17' title='bbox 262 687 326 750; x_wconf 88' lang='lat' dir='ltr'><strong>sed</strong></span> <span class='ocrx_word' id='word_1_18' title='bbox 341 687 419 751; x_wconf 90' lang='lat' dir='ltr'><strong>leve</strong></span> <span class='ocrx_word' id='word_1_19' title='bbox 435 687 620 751; x_wconf 85' lang='lat' dir='ltr'><strong>discrimen</strong></span> <span class='ocrx_word' id='word_1_20' title='bbox 635 702 716 751; x_wconf 88' lang='lat' dir='ltr'><strong>esse</strong></span> <span class='ocrx_word' id='word_1_21' title='bbox 731 686 909 757; x_wconf 81' lang='lat' dir='ltr'><strong>confirmo.</strong></span> <span class='ocrx_word' id='word_1_22' title='bbox 936 685 1126 750; x_wconf 92' lang='lat' dir='ltr'><strong>Amborum</strong></span> <span class='ocrx_word' id='word_1_23' title='bbox 1143 687 1235 751; x_wconf 89' lang='lat' dir='ltr'><strong>enim</strong></span> <span class='ocrx_word' id='word_1_24' title='bbox 1250 701 1348 764; x_wconf 90' lang='lat' dir='ltr'><strong>prae-</strong></span> 
     </span>
     <span class='ocr_line' id='line_1_5' title="bbox 176 791 1253 885; baseline 0 -29"><span class='ocrx_word' id='word_1_25' title='bbox 176 795 276 872; x_wconf 88' lang='lat' dir='ltr'><strong>cepta</strong></span> <span class='ocrx_word' id='word_1_26' title='bbox 298 793 422 857; x_wconf 92' lang='lat' dir='ltr'><strong>mirum</strong></span> <span class='ocrx_word' id='word_1_27' title='bbox 445 794 480 858; x_wconf 94' lang='lat' dir='ltr'><strong>in</strong></span> <span class='ocrx_word' id='word_1_28' title='bbox 504 794 647 858; x_wconf 93' lang='lat' dir='ltr'><strong>modum</strong></span> <span class='ocrx_word' id='word_1_29' title='bbox 670 794 874 874; x_wconf 90' lang='lat' dir='ltr'><strong>plerumque</strong></span> <span class='ocrx_word' id='word_1_30' title='bbox 899 796 1103 874; x_wconf 86' lang='lat' dir='ltr'><strong>congruunt.</strong></span> <span class='ocrx_word' id='word_1_31' title='bbox 1148 791 1253 885; x_wconf 89' lang='lat' dir='ltr'><strong>Velut</strong></span> 
     </span>
    </p>
   </div>
   <div class='ocr_carea' id='block_1_3' title="bbox 176 934 1352 1448">
    <p class='ocr_par' dir='ltr' id='par_1_3' title="bbox 176 934 1352 1448">
     <span class='ocr_line' id='line_1_6' title="bbox 281 934 1350 1020; baseline -0.002 -18"><span class='ocrx_word' id='word_1_32' title='bbox 281 939 315 1018; x_wconf 80' lang='grc' dir='ltr'><strong>β)</strong></span> <span class='ocrx_word' id='word_1_33' title='bbox 340 934 514 1002; x_wconf 86' lang='lat' dir='ltr'><strong>Cicero:</strong></span> <span class='ocrx_word' id='word_1_34' title='bbox 536 934 817 1020; x_wconf 72' lang='lat' dir='ltr'><strong>‚Geminatio</strong></span> <span class='ocrx_word' id='word_1_35' title='bbox 846 937 966 1018; x_wconf 91' lang='lat' dir='ltr'><strong>inquit,</strong></span> <span class='ocrx_word' id='word_1_36' title='bbox 987 937 1204 1001; x_wconf 89' lang='lat' dir='ltr'><strong>verborum</strong></span> <span class='ocrx_word' id='word_1_37' title='bbox 1223 937 1350 1000; x_wconf 89' lang='lat' dir='ltr'><strong>habet</strong></span> 
     </span>
     <span class='ocr_line' id='line_1_7' title="bbox 176 1043 1350 1129; baseline -0.001 -22"><span class='ocrx_word' id='word_1_38' title='bbox 176 1043 402 1108; x_wconf 90' lang='lat' dir='ltr'><strong>interdum</strong></span> <span class='ocrx_word' id='word_1_39' title='bbox 434 1045 514 1126; x_wconf 87' lang='lat' dir='ltr'><strong>vim,</strong></span> <span class='ocrx_word' id='word_1_40' title='bbox 549 1046 703 1125; x_wconf 91' lang='lat' dir='ltr'><strong>leporem</strong></span> <span class='ocrx_word' id='word_1_41' title='bbox 737 1045 822 1109; x_wconf 88' lang='lat' dir='ltr'><strong>alias</strong></span> <span class='ocrx_word' id='word_1_42' title='bbox 834 1045 858 1129; x_wconf 88' lang='lat'><strong>¹)</strong></span> <span class='ocrx_word' id='word_1_43' title='bbox 892 1047 927 1109; x_wconf 90' lang='lat' dir='ltr'><strong>et</strong></span> <span class='ocrx_word' id='word_1_44' title='bbox 957 1045 1099 1124; x_wconf 90' lang='lat' dir='ltr'><strong>paulum</strong></span> <span class='ocrx_word' id='word_1_45' title='bbox 1130 1045 1350 1108; x_wconf 87' lang='lat' dir='ltr'><strong>immutatum</strong></span> 
     </span>
     <span class='ocr_line' id='line_1_8' title="bbox 176 1151 1350 1232; baseline -0.001 -17"><span class='ocrx_word' id='word_1_46' title='bbox 176 1152 441 1232; x_wconf 87' lang='lat' dir='ltr'><strong>verbumatque</strong></span> <span class='ocrx_word' id='word_1_47' title='bbox 458 1152 634 1217; x_wconf 81' lang='lat' dir='ltr'><strong>deflexum</strong></span> <span class='ocrx_word' id='word_1_48' title='bbox 651 1154 686 1216; x_wconf 90' lang='lat' dir='ltr'><strong>et</strong></span> <span class='ocrx_word' id='word_1_49' title='bbox 710 1153 912 1216; x_wconf 89' lang='lat' dir='ltr'><strong>eiusdem</strong></span> <span class='ocrx_word' id='word_1_50' title='bbox 937 1151 1067 1216; x_wconf 89' lang='lat' dir='ltr'><strong>verbi</strong></span> <span class='ocrx_word' id='word_1_51' title='bbox 1092 1151 1255 1215; x_wconf 89' lang='lat' dir='ltr'><strong>crebra</strong></span> <span class='ocrx_word' id='word_1_52' title='bbox 1277 1152 1350 1214; x_wconf 91' lang='lat' dir='ltr'><strong>tum</strong></span> 
     </span>
     <span class='ocr_line' id='line_1_9' title="bbox 177 1255 1351 1340; baseline 0 -20"><span class='ocrx_word' id='word_1_53' title='bbox 177 1259 362 1337; x_wconf 88' lang='lat' dir='ltr'><strong>aprimo</strong></span> <span class='ocrx_word' id='word_1_54' title='bbox 384 1259 617 1340; x_wconf 85' lang='lat' dir='ltr'><strong>repetitio,</strong></span> <span class='ocrx_word' id='word_1_55' title='bbox 646 1261 719 1323; x_wconf 91' lang='lat' dir='ltr'><strong>tum</strong></span> <span class='ocrx_word' id='word_1_56' title='bbox 748 1260 783 1322; x_wconf 91' lang='lat' dir='ltr'><strong>in</strong></span> <span class='ocrx_word' id='word_1_57' title='bbox 813 1261 1007 1322; x_wconf 86' lang='lat' dir='ltr'><strong>extremum</strong></span> <span class='ocrx_word' id='word_1_58' title='bbox 1038 1257 1275 1340; x_wconf 64' lang='lat' dir='ltr'><strong>conversioftl</strong></span> <span class='ocrx_word' id='word_1_59' title='bbox 1315 1255 1351 1320; x_wconf 91' lang='grc'><strong>111</strong></span> 
     </span>
     <span class='ocr_line' id='line_1_10' title="bbox 177 1363 1352 1448; baseline 0.002 -22"><span class='ocrx_word' id='word_1_60' title='bbox 177 1363 264 1428; x_wconf 89' lang='lat' dir='ltr'><strong>libro</strong></span> <span class='ocrx_word' id='word_1_61' title='bbox 288 1380 391 1443; x_wconf 92' lang='lat' dir='ltr'><strong>porro</strong></span> <span class='ocrx_word' id='word_1_62' title='bbox 417 1366 474 1444; x_wconf 94' lang='lat' dir='ltr'><strong>qui</strong></span> <span class='ocrx_word' id='word_1_63' title='bbox 498 1365 694 1429; x_wconf 86' lang='lat' dir='ltr'><strong>inscribitur</strong></span> <span class='ocrx_word' id='word_1_64' title='bbox 717 1363 841 1430; x_wconf 85' lang='lat' dir='ltr'><strong>Orator</strong></span> <span class='ocrx_word' id='word_1_65' title='bbox 858 1364 948 1448; x_wconf 83' lang='lat'><strong>(135)</strong></span> <span class='ocrx_word' id='word_1_66' title='bbox 972 1379 1043 1428; x_wconf 92' lang='lat' dir='ltr'><strong>non</strong></span> <span class='ocrx_word' id='word_1_67' title='bbox 1068 1365 1123 1429; x_wconf 89' lang='lat' dir='ltr'><strong>est</strong></span> <span class='ocrx_word' id='word_1_68' title='bbox 1142 1379 1352 1428; x_wconf 89' lang='lat' dir='ltr'><strong>commemo-</strong></span> 
     </span>
    </p>
   </div>
   <div class='ocr_carea' id='block_1_4' title="bbox 177 1470 1475 1553">
    <p class='ocr_par' dir='ltr' id='par_1_4' title="bbox 177 1470 1475 1553">
     <span class='ocr_line' id='line_1_11' title="bbox 177 1470 1475 1553; baseline 0.001 -20"><span class='ocrx_word' id='word_1_69' title='bbox 177 1472 253 1534; x_wconf 90' lang='lat' dir='ltr'><strong>rata</strong></span> <span class='ocrx_word' id='word_1_70' title='bbox 294 1471 361 1534; x_wconf 90' lang='lat' dir='ltr'><strong>nisi</strong></span> <span class='ocrx_word' id='word_1_71' title='bbox 395 1471 430 1535; x_wconf 91' lang='lat' dir='ltr'><strong>in</strong></span> <span class='ocrx_word' id='word_1_72' title='bbox 470 1472 656 1536; x_wconf 90' lang='lat' dir='ltr'><strong>luminibus</strong></span> <span class='ocrx_word' id='word_1_73' title='bbox 691 1473 867 1538; x_wconf 88' lang='lat' dir='ltr'><strong>orationis.</strong></span> <span class='ocrx_word' id='word_1_74' title='bbox 918 1470 1055 1553; x_wconf 86' lang='lat' dir='ltr'><strong>‚Lumen</strong></span> <span class='ocrx_word' id='word_1_75' title='bbox 1085 1471 1252 1535; x_wconf 89' lang='lat' dir='ltr'><strong>orationis</strong></span> <span class='ocrx_word' id='word_1_76' title='bbox 1290 1472 1353 1550; x_wconf 89' lang='lat' dir='ltr'><strong>est,</strong></span> <span class='ocrx_word' id='word_1_77' title='bbox 1471 1482 1475 1489; x_wconf 81' lang='grc'><strong>’</strong></span> 
     </span>
    </p>
   </div>
   <div class='ocr_carea' id='block_1_5' title="bbox 179 1576 1352 1751">
    <p class='ocr_par' dir='ltr' id='par_1_5' title="bbox 179 1576 1352 1751">
     <span class='ocr_line' id='line_1_12' title="bbox 179 1576 1352 1660; baseline 0.003 -22"><span class='ocrx_word' id='word_1_78' title='bbox 179 1577 297 1660; x_wconf 89' lang='lat' dir='ltr'><strong>inquit,</strong></span> <span class='ocrx_word' id='word_1_79' title='bbox 322 1594 398 1642; x_wconf 93' lang='lat' dir='ltr'><strong>cum</strong></span> <span class='ocrx_word' id='word_1_80' title='bbox 424 1579 467 1642; x_wconf 88' lang='lat' dir='ltr'><strong>ab</strong></span> <span class='ocrx_word' id='word_1_81' title='bbox 492 1578 617 1642; x_wconf 92' lang='lat' dir='ltr'><strong>eodem</strong></span> <span class='ocrx_word' id='word_1_82' title='bbox 640 1580 748 1644; x_wconf 85' lang='lat' dir='ltr'><strong>verbo</strong></span> <span class='ocrx_word' id='word_1_83' title='bbox 773 1578 915 1657; x_wconf 88' lang='lat' dir='ltr'><strong>saepius</strong></span> <span class='ocrx_word' id='word_1_84' title='bbox 940 1578 1075 1643; x_wconf 90' lang='lat' dir='ltr'><strong>ducitur</strong></span> <span class='ocrx_word' id='word_1_85' title='bbox 1103 1578 1233 1642; x_wconf 83' lang='lat' dir='ltr'><strong>oratio‘</strong></span> <span class='ocrx_word' id='word_1_86' title='bbox 1267 1576 1352 1642; x_wconf 91' lang='lat' dir='ltr'><strong>Item</strong></span> 
     </span>
     <span class='ocr_line' id='line_1_13' title="bbox 179 1682 765 1751; baseline 0 -1"><span class='ocrx_word' id='word_1_87' title='bbox 179 1682 332 1750; x_wconf 88' lang='lat' dir='ltr'><strong>Graecos</strong></span> <span class='ocrx_word' id='word_1_88' title='bbox 356 1689 499 1751; x_wconf 89' lang='lat' dir='ltr'><strong>secutus</strong></span> <span class='ocrx_word' id='word_1_89' title='bbox 524 1702 605 1750; x_wconf 89' lang='lat' dir='ltr'><strong>esse</strong></span> <span class='ocrx_word' id='word_1_90' title='bbox 628 1686 765 1751; x_wconf 89' lang='lat' dir='ltr'><strong>videtur</strong></span> 
     </span>
    </p>
   </div>
   <div class='ocr_carea' id='block_1_6' title="bbox 103 1807 1358 2836">
    <p class='ocr_par' dir='ltr' id='par_1_6' title="bbox 103 1807 1358 2836">
     <span class='ocr_line' id='line_1_14' title="bbox 287 1807 1355 1894; baseline 0 -20"><span class='ocrx_word' id='word_1_91' title='bbox 287 1814 319 1894; x_wconf 81' lang='lat' dir='ltr'><strong>y)</strong></span> <span class='ocrx_word' id='word_1_92' title='bbox 343 1809 544 1875; x_wconf 86' lang='lat' dir='ltr'><strong>Rutilius</strong></span> <span class='ocrx_word' id='word_1_93' title='bbox 575 1810 728 1875; x_wconf 82' lang='lat' dir='ltr'><strong>Rufus.</strong></span> <span class='ocrx_word' id='word_1_94' title='bbox 773 1807 841 1888; x_wconf 85' lang='lat' dir='ltr'><strong>Qui</strong></span> <span class='ocrx_word' id='word_1_95' title='bbox 875 1811 1028 1891; x_wconf 91' lang='lat' dir='ltr'><strong>priorum</strong></span> <span class='ocrx_word' id='word_1_96' title='bbox 1059 1810 1355 1890; x_wconf 82' lang='lat' dir='ltr'><strong>significationum</strong></span> 
     </span>
     <span class='ocr_line' id='line_1_15' title="bbox 180 1915 1354 2002; baseline -0.002 -20"><span class='ocrx_word' id='word_1_97' title='bbox 180 1919 373 1998; x_wconf 81' lang='lat' dir='ltr'><strong>neglegens</strong></span> <span class='ocrx_word' id='word_1_98' title='bbox 397 1917 610 1996; x_wconf 87' lang='lat' dir='ltr'><strong>anaphoram</strong></span> <span class='ocrx_word' id='word_1_99' title='bbox 634 1917 785 1998; x_wconf 91' lang='lat' dir='ltr'><strong>appellat</strong></span> <span class='ocrx_word' id='word_1_100' title='bbox 808 1917 974 2002; x_wconf 76' lang='grc' dir='ltr'><strong><em>ἐπιβολήν.</em></strong></span> <span class='ocrx_word' id='word_1_101' title='bbox 1013 1915 1096 1999; x_wconf 85' lang='lat' dir='ltr'><strong>‚Hoc</strong></span> <span class='ocrx_word' id='word_1_102' title='bbox 1121 1918 1272 1999; x_wconf 90' lang='lat' dir='ltr'><strong>schema,</strong></span> <span class='ocrx_word' id='word_1_103' title='bbox 1305 1917 1354 1980; x_wconf 93' lang='lat' dir='ltr'><strong>in-</strong></span> 
     </span>
     <span class='ocr_line' id='line_1_16' title="bbox 181 2023 1355 2107; baseline 0.001 -19"><span class='ocrx_word' id='word_1_104' title='bbox 181 2025 263 2107; x_wconf 88' lang='lat' dir='ltr'><strong>quit,</strong></span> <span class='ocrx_word' id='word_1_105' title='bbox 295 2024 474 2104; x_wconf 87' lang='lat' dir='ltr'><strong>dupliciter</strong></span> <span class='ocrx_word' id='word_1_106' title='bbox 505 2023 582 2089; x_wconf 84' lang='lat' dir='ltr'><strong>lieri</strong></span> <span class='ocrx_word' id='word_1_107' title='bbox 616 2025 808 2107; x_wconf 87' lang='lat' dir='ltr'><strong>consuevit,</strong></span> <span class='ocrx_word' id='word_1_108' title='bbox 835 2040 920 2103; x_wconf 83' lang='lat' dir='ltr'><strong>¹cum</strong></span> <span class='ocrx_word' id='word_1_109' title='bbox 952 2024 1107 2102; x_wconf 90' lang='lat' dir='ltr'><strong>pluribus</strong></span> <span class='ocrx_word' id='word_1_110' title='bbox 1140 2027 1175 2088; x_wconf 88' lang='lat' dir='ltr'><strong>et</strong></span> <span class='ocrx_word' id='word_1_111' title='bbox 1207 2024 1355 2089; x_wconf 88' lang='lat' dir='ltr'><strong>diversis</strong></span> 
     </span>
     <span class='ocr_line' id='line_1_17' title="bbox 181 2130 1356 2211; baseline -0.002 -15"><span class='ocrx_word' id='word_1_112' title='bbox 181 2131 365 2196; x_wconf 87' lang='lat' dir='ltr'><strong>sententiis</strong></span> <span class='ocrx_word' id='word_1_113' title='bbox 397 2136 458 2195; x_wconf 87' lang='lat' dir='ltr'><strong>aut</strong></span> <span class='ocrx_word' id='word_1_114' title='bbox 487 2148 593 2197; x_wconf 93' lang='lat' dir='ltr'><strong>unum</strong></span> <span class='ocrx_word' id='word_1_115' title='bbox 618 2135 654 2196; x_wconf 89' lang='lat' dir='ltr'><strong>et</strong></span> <span class='ocrx_word' id='word_1_116' title='bbox 676 2132 768 2196; x_wconf 92' lang='lat' dir='ltr'><strong>idem</strong></span> <span class='ocrx_word' id='word_1_117' title='bbox 792 2133 937 2196; x_wconf 88' lang='lat' dir='ltr'><strong>verbum</strong></span> <span class='ocrx_word' id='word_1_118' title='bbox 962 2130 1109 2211; x_wconf 86' lang='lat' dir='ltr'><strong>singulis</strong></span> <span class='ocrx_word' id='word_1_119' title='bbox 1133 2131 1356 2211; x_wconf 89' lang='lat' dir='ltr'><strong>praeponitur</strong></span> 
     </span>
     <span class='ocr_line' id='line_1_18' title="bbox 183 2237 1356 2320; baseline 0 -18"><span class='ocrx_word' id='word_1_120' title='bbox 183 2241 244 2303; x_wconf 90' lang='lat' dir='ltr'><strong>aut</strong></span> <span class='ocrx_word' id='word_1_121' title='bbox 265 2238 417 2302; x_wconf 89' lang='lat' dir='ltr'><strong>varietas</strong></span> <span class='ocrx_word' id='word_1_122' title='bbox 440 2239 635 2320; x_wconf 85' lang='lat' dir='ltr'><strong>verborum,</strong></span> <span class='ocrx_word' id='word_1_123' title='bbox 666 2254 756 2318; x_wconf 89' lang='lat' dir='ltr'><strong>quae</strong></span> <span class='ocrx_word' id='word_1_124' title='bbox 788 2240 905 2301; x_wconf 89' lang='lat' dir='ltr'><strong>tamen</strong></span> <span class='ocrx_word' id='word_1_125' title='bbox 930 2237 1077 2301; x_wconf 87' lang='lat' dir='ltr'><strong>eandem</strong></span> <span class='ocrx_word' id='word_1_126' title='bbox 1106 2238 1175 2301; x_wconf 91' lang='lat' dir='ltr'><strong>vim</strong></span> <span class='ocrx_word' id='word_1_127' title='bbox 1204 2239 1293 2302; x_wconf 90' lang='lat' dir='ltr'><strong>inter</strong></span> <span class='ocrx_word' id='word_1_128' title='bbox 1317 2254 1356 2303; x_wconf 90' lang='lat' dir='ltr'><strong>se</strong></span> 
     </span>
     <span class='ocr_line' id='line_1_19' title="bbox 181 2343 1358 2430; baseline -0.002 -20"><span class='ocrx_word' id='word_1_129' title='bbox 181 2343 360 2430; x_wconf 82' lang='lat' dir='ltr'><strong>habent.’³)</strong></span> <span class='ocrx_word' id='word_1_130' title='bbox 399 2343 450 2409; x_wconf 84' lang='lat' dir='ltr'><strong>Ex</strong></span> <span class='ocrx_word' id='word_1_131' title='bbox 474 2346 587 2409; x_wconf 88' lang='lat' dir='ltr'><strong>allatis</strong></span> <span class='ocrx_word' id='word_1_132' title='bbox 604 2345 773 2424; x_wconf 86' lang='lat' dir='ltr'><strong>exemplis</strong></span> <span class='ocrx_word' id='word_1_133' title='bbox 794 2343 878 2406; x_wconf 88' lang='lat' dir='ltr'><strong>nihil</strong></span> <span class='ocrx_word' id='word_1_134' title='bbox 901 2343 984 2406; x_wconf 89' lang='lat' dir='ltr'><strong>novi</strong></span> <span class='ocrx_word' id='word_1_135' title='bbox 1010 2344 1227 2423; x_wconf 85' lang='lat' dir='ltr'><strong>intellegitur,</strong></span> <span class='ocrx_word' id='word_1_136' title='bbox 1240 2359 1358 2423; x_wconf 86' lang='lat' dir='ltr'><strong>¹quare</strong></span> 
     </span>
     <span class='ocr_line' id='line_1_20' title="bbox 185 2449 1358 2530; baseline -0.001 -15"><span class='ocrx_word' id='word_1_137' title='bbox 185 2469 226 2516; x_wconf 88' lang='lat' dir='ltr'><strong>ea</strong></span> <span class='ocrx_word' id='word_1_138' title='bbox 242 2454 433 2530; x_wconf 88' lang='lat' dir='ltr'><strong>praetereo.</strong></span> <span class='ocrx_word' id='word_1_139' title='bbox 468 2449 836 2523; x_wconf 86' lang='lat' dir='ltr'><strong>Commonereautem</strong></span> <span class='ocrx_word' id='word_1_140' title='bbox 859 2466 930 2513; x_wconf 93' lang='lat' dir='ltr'><strong>non</strong></span> <span class='ocrx_word' id='word_1_141' title='bbox 955 2465 1251 2528; x_wconf 90' lang='lat' dir='ltr'><strong>supervacaneum</strong></span> <span class='ocrx_word' id='word_1_142' title='bbox 1277 2466 1358 2514; x_wconf 89' lang='lat' dir='ltr'><strong>esse</strong></span> 
     </span>
     <span class='ocr_line' id='line_1_21' title="bbox 184 2554 1351 2636; baseline 0 -16"><span class='ocrx_word' id='word_1_143' title='bbox 184 2559 269 2636; x_wconf 94' lang='lat' dir='ltr'><strong>puto</strong></span> <span class='ocrx_word' id='word_1_144' title='bbox 302 2554 418 2619; x_wconf 90' lang='lat' dir='ltr'><strong>Rutilii</strong></span> <span class='ocrx_word' id='word_1_145' title='bbox 461 2556 717 2621; x_wconf 90' lang='lat' dir='ltr'><strong>distinctionem</strong></span> <span class='ocrx_word' id='word_1_146' title='bbox 750 2558 793 2620; x_wconf 90' lang='lat' dir='ltr'><strong>ab</strong></span> <span class='ocrx_word' id='word_1_147' title='bbox 825 2555 1022 2620; x_wconf 84' lang='lat' dir='ltr'><strong>Alexandro</strong></span> <span class='ocrx_word' id='word_1_148' title='bbox 1055 2572 1126 2620; x_wconf 90' lang='lat' dir='ltr'><strong>non</strong></span> <span class='ocrx_word' id='word_1_149' title='bbox 1158 2557 1351 2622; x_wconf 91' lang='lat' dir='ltr'><strong>abhorrere.</strong></span> 
     </span>
     <span class='ocr_line' id='line_1_22' title="bbox 103 2663 1358 2742; baseline 0.006 -21"><span class='ocrx_word' id='word_1_150' title='bbox 103 2717 104 2721; x_wconf 73' lang='grc'>,</span> <span class='ocrx_word' id='word_1_151' title='bbox 184 2663 398 2728; x_wconf 89' lang='lat' dir='ltr'><strong>Perbreviter</strong></span> <span class='ocrx_word' id='word_1_152' title='bbox 437 2664 634 2742; x_wconf 91' lang='lat' dir='ltr'><strong>anaphorae</strong></span> <span class='ocrx_word' id='word_1_153' title='bbox 670 2664 841 2728; x_wconf 90' lang='lat' dir='ltr'><strong>rationem</strong></span> <span class='ocrx_word' id='word_1_154' title='bbox 881 2664 1084 2742; x_wconf 87' lang='lat' dir='ltr'><strong>complexus</strong></span> <span class='ocrx_word' id='word_1_155' title='bbox 1121 2665 1176 2728; x_wconf 89' lang='lat' dir='ltr'><strong>est</strong></span> <span class='ocrx_word' id='word_1_156' title='bbox 1211 2663 1358 2728; x_wconf 89' lang='lat' dir='ltr'><strong>clarissi-</strong></span> 
     </span>
     <span class='ocr_line' id='line_1_23' title="bbox 187 2772 345 2836; baseline 0.006 -1"><span class='ocrx_word' id='word_1_157' title='bbox 187 2787 265 2836; x_wconf 91' lang='lat' dir='ltr'><strong>mus</strong></span> <span class='ocrx_word' id='word_1_158' title='bbox 287 2772 345 2836; x_wconf 92' lang='lat' dir='ltr'><strong>ille</strong></span> 
     </span>
    </p>
   </div>
   <div class='ocr_carea' id='block_1_7' title="bbox 124 2893 1365 3941">
    <p class='ocr_par' dir='ltr' id='par_1_7' title="bbox 124 2893 1365 3941">
     <span class='ocr_line' id='line_1_24' title="bbox 293 2893 1359 2980; baseline 0 -20"><span class='ocrx_word' id='word_1_159' title='bbox 293 2895 325 2977; x_wconf 87' lang='lat' dir='ltr'><strong>d)</strong></span> <span class='ocrx_word' id='word_1_160' title='bbox 350 2893 669 2974; x_wconf 86' lang='lat' dir='ltr'><strong>Quintilianus</strong></span> <span class='ocrx_word' id='word_1_161' title='bbox 710 2895 791 2976; x_wconf 82' lang='lat' dir='ltr'><strong>Agit</strong></span> <span class='ocrx_word' id='word_1_162' title='bbox 805 2896 839 2960; x_wconf 91' lang='lat' dir='ltr'><strong>in</strong></span> <span class='ocrx_word' id='word_1_163' title='bbox 856 2896 942 2960; x_wconf 94' lang='lat' dir='ltr'><strong>libro</strong></span> <span class='ocrx_word' id='word_1_164' title='bbox 958 2895 1040 2960; x_wconf 88' lang='lat' dir='ltr'><strong>lust.</strong></span> <span class='ocrx_word' id='word_1_165' title='bbox 1057 2894 1114 2979; x_wconf 91' lang='lat' dir='ltr'><strong>(IX</strong></span> <span class='ocrx_word' id='word_1_166' title='bbox 1130 2897 1161 2977; x_wconf 82' lang='lat'><strong>3,</strong></span> <span class='ocrx_word' id='word_1_167' title='bbox 1175 2897 1230 2980; x_wconf 84' lang='lat'><strong>28)</strong></span> <span class='ocrx_word' id='word_1_168' title='bbox 1256 2895 1359 2960; x_wconf 82' lang='lat' dir='ltr'><strong>diliu-</strong></span> 
     </span>
     <span class='ocr_line' id='line_1_25' title="bbox 187 3001 1359 3084; baseline 0.002 -18"><span class='ocrx_word' id='word_1_169' title='bbox 187 3004 261 3066; x_wconf 88' lang='lat' dir='ltr'><strong>sius</strong></span> <span class='ocrx_word' id='word_1_170' title='bbox 294 3003 338 3066; x_wconf 89' lang='lat' dir='ltr'><strong>de</strong></span> <span class='ocrx_word' id='word_1_171' title='bbox 370 3004 486 3066; x_wconf 89' lang='lat' dir='ltr'><strong>verbis</strong></span> <span class='ocrx_word' id='word_1_172' title='bbox 519 3003 713 3084; x_wconf 77' lang='lat' dir='ltr'><strong>geminatis,</strong></span> <span class='ocrx_word' id='word_1_173' title='bbox 758 3001 930 3067; x_wconf 87' lang='lat' dir='ltr'><strong>Describit</strong></span> <span class='ocrx_word' id='word_1_174' title='bbox 961 3002 1120 3084; x_wconf 84' lang='lat' dir='ltr'><strong>liguram,</strong></span> <span class='ocrx_word' id='word_1_175' title='bbox 1157 3019 1259 3083; x_wconf 88' lang='lat' dir='ltr'><strong>quam</strong></span> <span class='ocrx_word' id='word_1_176' title='bbox 1292 3019 1359 3068; x_wconf 90' lang='lat' dir='ltr'><strong>nos</strong></span> 
     </span>
     <span class='ocr_line' id='line_1_26' title="bbox 188 3109 1360 3190; baseline 0.002 -18"><span class='ocrx_word' id='word_1_177' title='bbox 188 3124 356 3172; x_wconf 85' lang='lat' dir='ltr'><strong>vocamus</strong></span> <span class='ocrx_word' id='word_1_178' title='bbox 381 3109 716 3188; x_wconf 87' lang='lat' dir='ltr'><strong>conduplicationem</strong></span> <span class='ocrx_word' id='word_1_179' title='bbox 739 3112 774 3173; x_wconf 93' lang='lat' dir='ltr'><strong>et</strong></span> <span class='ocrx_word' id='word_1_180' title='bbox 804 3126 880 3174; x_wconf 90' lang='lat' dir='ltr'><strong>eam</strong></span> <span class='ocrx_word' id='word_1_181' title='bbox 912 3126 1016 3190; x_wconf 90' lang='lat' dir='ltr'><strong>quam</strong></span> <span class='ocrx_word' id='word_1_182' title='bbox 1047 3127 1113 3174; x_wconf 90' lang='lat' dir='ltr'><strong>nos</strong></span> <span class='ocrx_word' id='word_1_183' title='bbox 1146 3110 1360 3190; x_wconf 88' lang='lat' dir='ltr'><strong>appellamus</strong></span> 
     </span>
     <span class='ocr_line' id='line_1_27' title="bbox 189 3214 1362 3297; baseline 0 -17"><span class='ocrx_word' id='word_1_184' title='bbox 189 3217 433 3296; x_wconf 90' lang='lat' dir='ltr'><strong>epanalepsim.</strong></span> <span class='ocrx_word' id='word_1_185' title='bbox 480 3214 612 3281; x_wconf 92' lang='lat' dir='ltr'><strong>Deinde</strong></span> <span class='ocrx_word' id='word_1_186' title='bbox 644 3215 772 3296; x_wconf 84' lang='lat' dir='ltr'><strong>pergit:</strong></span> <span class='ocrx_word' id='word_1_187' title='bbox 808 3219 853 3296; x_wconf 90' lang='lat' dir='ltr'><strong>,et</strong></span> <span class='ocrx_word' id='word_1_188' title='bbox 888 3218 930 3280; x_wconf 91' lang='lat' dir='ltr'><strong>ab</strong></span> <span class='ocrx_word' id='word_1_189' title='bbox 966 3218 1077 3281; x_wconf 88' lang='lat' dir='ltr'><strong>isdem</strong></span> <span class='ocrx_word' id='word_1_190' title='bbox 1113 3217 1229 3281; x_wconf 92' lang='lat' dir='ltr'><strong>verbis</strong></span> <span class='ocrx_word' id='word_1_191' title='bbox 1263 3217 1362 3297; x_wconf 90' lang='lat' dir='ltr'><strong>plura</strong></span> 
     </span>
     <span class='ocr_line' id='line_1_28' title="bbox 189 3323 1361 3406; baseline 0.001 -18"><span class='ocrx_word' id='word_1_192' title='bbox 189 3323 311 3388; x_wconf 87' lang='lat' dir='ltr'><strong>acriter</strong></span> <span class='ocrx_word' id='word_1_193' title='bbox 335 3325 370 3388; x_wconf 89' lang='lat' dir='ltr'><strong>et</strong></span> <span class='ocrx_word' id='word_1_194' title='bbox 390 3323 559 3396; x_wconf 87' lang='lat' dir='ltr'><strong>instanter</strong></span> <span class='ocrx_word' id='word_1_195' title='bbox 581 3323 764 3406; x_wconf 88' lang='lat' dir='ltr'><strong>incipiunt;</strong></span> <span class='ocrx_word' id='word_1_196' title='bbox 788 3324 906 3388; x_wconf 92' lang='lat' dir='ltr'><strong>nihil</strong></span> <span class='ocrx_word' id='word_1_197' title='bbox 930 3340 974 3388; x_wconf 92' lang='lat' dir='ltr'><strong>ne</strong></span> <span class='ocrx_word' id='word_1_198' title='bbox 991 3327 1026 3388; x_wconf 90' lang='lat' dir='ltr'><strong>te</strong></span> <span class='ocrx_word' id='word_1_199' title='bbox 1041 3327 1246 3389; x_wconf 89' lang='lat' dir='ltr'><strong>nocturnum</strong></span> <span class='ocrx_word' id='word_1_200' title='bbox 1264 3341 1361 3404; x_wconf 89' lang='lat' dir='ltr'><strong>prae-</strong></span> 
     </span>
     <span class='ocr_line' id='line_1_29' title="bbox 189 3428 1362 3514; baseline -0.001 -19"><span class='ocrx_word' id='word_1_201' title='bbox 189 3430 316 3496; x_wconf 91' lang='lat' dir='ltr'><strong>sidium</strong></span> <span class='ocrx_word' id='word_1_202' title='bbox 346 3428 474 3514; x_wconf 89' lang='lat' dir='ltr'><strong>Palatii,</strong></span> <span class='ocrx_word' id='word_1_203' title='bbox 507 3430 622 3493; x_wconf 92' lang='lat' dir='ltr'><strong>nihil</strong></span> <span class='ocrx_word' id='word_1_204' title='bbox 654 3432 748 3496; x_wconf 89' lang='lat' dir='ltr'><strong>urbis</strong></span> <span class='ocrx_word' id='word_1_205' title='bbox 772 3431 920 3511; x_wconf 85' lang='lat' dir='ltr'><strong>vigiliae,</strong></span> <span class='ocrx_word' id='word_1_206' title='bbox 953 3430 1070 3494; x_wconf 92' lang='lat' dir='ltr'><strong>nihil</strong></span> <span class='ocrx_word' id='word_1_207' title='bbox 1102 3431 1204 3494; x_wconf 92' lang='lat' dir='ltr'><strong>timor</strong></span> <span class='ocrx_word' id='word_1_208' title='bbox 1235 3431 1362 3513; x_wconf 89' lang='lat' dir='ltr'><strong>populi,</strong></span> 
     </span>
     <span class='ocr_line' id='line_1_30' title="bbox 189 3537 1362 3619; baseline -0.001 -17"><span class='ocrx_word' id='word_1_209' title='bbox 189 3537 291 3602; x_wconf 91' lang='lat' dir='ltr'><strong>nihil</strong></span> <span class='ocrx_word' id='word_1_210' title='bbox 309 3553 505 3602; x_wconf 88' lang='lat' dir='ltr'><strong>consensus</strong></span> <span class='ocrx_word' id='word_1_211' title='bbox 521 3539 690 3602; x_wconf 90' lang='lat' dir='ltr'><strong>bonorum</strong></span> <span class='ocrx_word' id='word_1_212' title='bbox 709 3539 872 3619; x_wconf 84' lang='lat' dir='ltr'><strong>omnium,</strong></span> <span class='ocrx_word' id='word_1_213' title='bbox 892 3537 1011 3601; x_wconf 93' lang='lat' dir='ltr'><strong>nihil</strong></span> <span class='ocrx_word' id='word_1_214' title='bbox 1035 3537 1090 3600; x_wconf 90' lang='lat' dir='ltr'><strong>hic</strong></span> <span class='ocrx_word' id='word_1_215' title='bbox 1109 3537 1362 3602; x_wconf 88' lang='lat' dir='ltr'><strong>munitissimus</strong></span> 
     </span>
     <span class='ocr_line' id='line_1_31' title="bbox 189 3644 1362 3726; baseline -0.001 -17"><span class='ocrx_word' id='word_1_216' title='bbox 189 3644 341 3709; x_wconf 88' lang='lat' dir='ltr'><strong>habendi</strong></span> <span class='ocrx_word' id='word_1_217' title='bbox 364 3646 508 3708; x_wconf 89' lang='lat' dir='ltr'><strong>senatus</strong></span> <span class='ocrx_word' id='word_1_218' title='bbox 532 3645 640 3726; x_wconf 72' lang='lat' dir='ltr'><strong>locus</strong></span> <span class='ocrx_word' id='word_1_219' title='bbox 663 3644 778 3708; x_wconf 87' lang='lat' dir='ltr'><strong>nihil</strong></span> <span class='ocrx_word' id='word_1_220' title='bbox 801 3645 926 3709; x_wconf 92' lang='lat' dir='ltr'><strong>horum</strong></span> <span class='ocrx_word' id='word_1_221' title='bbox 950 3661 1011 3709; x_wconf 91' lang='lat' dir='ltr'><strong>ora</strong></span> <span class='ocrx_word' id='word_1_222' title='bbox 1034 3644 1222 3724; x_wconf 89' lang='lat' dir='ltr'><strong>vultusque</strong></span> <span class='ocrx_word' id='word_1_223' title='bbox 1244 3659 1362 3708; x_wconf 89' lang='lat' dir='ltr'><strong>move-</strong></span> 
     </span>
     <span class='ocr_line' id='line_1_32' title="bbox 190 3747 1362 3832; baseline 0.001 -18"><span class='ocrx_word' id='word_1_224' title='bbox 190 3747 307 3814; x_wconf 67' lang='grc' dir='ltr'><strong>1111119ί</strong></span> <span class='ocrx_word' id='word_1_225' title='bbox 354 3748 442 3826; x_wconf 86' lang='lat' dir='ltr'><strong>Quid</strong></span> <span class='ocrx_word' id='word_1_226' title='bbox 476 3750 541 3814; x_wconf 92' lang='lat' dir='ltr'><strong>sibi</strong></span> <span class='ocrx_word' id='word_1_227' title='bbox 574 3752 649 3815; x_wconf 92' lang='lat' dir='ltr'><strong>vult</strong></span> <span class='ocrx_word' id='word_1_228' title='bbox 679 3751 762 3815; x_wconf 93' lang='lat' dir='ltr'><strong>illud</strong></span> <span class='ocrx_word' id='word_1_229' title='bbox 788 3749 966 3832; x_wconf 72' lang='lat' dir='ltr'><strong>,plura‘t</strong></span> <span class='ocrx_word' id='word_1_230' title='bbox 999 3750 1161 3832; x_wconf 85' lang='lat' dir='ltr'><strong>Membra,</strong></span> <span class='ocrx_word' id='word_1_231' title='bbox 1185 3751 1362 3816; x_wconf 90' lang='lat' dir='ltr'><strong>enuntiata</strong></span> 
     </span>
     <span class='ocr_line' id='line_1_33' title="bbox 124 3855 1365 3941; baseline 0 -19"><span class='ocrx_word' id='word_1_232' title='bbox 124 3926 126 3930; x_wconf 64' lang='grc'>,</span> <span class='ocrx_word' id='word_1_233' title='bbox 191 3875 247 3922; x_wconf 89' lang='lat' dir='ltr'><strong>res</strong></span> <span class='ocrx_word' id='word_1_234' title='bbox 272 3855 460 3922; x_wconf 86' lang='lat' dir='ltr'><strong>diversas‘?</strong></span> <span class='ocrx_word' id='word_1_235' title='bbox 499 3857 569 3922; x_wconf 87' lang='lat' dir='ltr'><strong>Res</strong></span> <span class='ocrx_word' id='word_1_236' title='bbox 594 3858 752 3922; x_wconf 90' lang='lat' dir='ltr'><strong>diversas</strong></span> <span class='ocrx_word' id='word_1_237' title='bbox 777 3857 930 3941; x_wconf 91' lang='lat' dir='ltr'><strong>conicio;</strong></span> <span class='ocrx_word' id='word_1_238' title='bbox 954 3857 1174 3923; x_wconf 88' lang='lat' dir='ltr'><strong>Cornificium</strong></span> <span class='ocrx_word' id='word_1_239' title='bbox 1200 3858 1365 3936; x_wconf 88' lang='lat' dir='ltr'><strong>sequitur.</strong></span> 
     </span>
    </p>
   </div>
   <div class='ocr_carea' id='block_1_8' title="bbox 193 4032 1365 4218">
    <p class='ocr_par' dir='ltr' id='par_1_8' title="bbox 193 4032 1365 4218">
     <span class='ocr_line' id='line_1_34' title="bbox 301 4032 1365 4122; baseline -0.003 -21"><span class='ocrx_word' id='word_1_240' title='bbox 301 4045 323 4113; x_wconf 91' lang='lat'><strong>¹)</strong></span> <span class='ocrx_word' id='word_1_241' title='bbox 344 4049 379 4102; x_wconf 85' lang='lat' dir='ltr'><strong>oi.</strong></span> <span class='ocrx_word' id='word_1_242' title='bbox 399 4047 583 4101; x_wconf 88' lang='lat' dir='ltr'><strong>Demetrium:</strong></span> <span class='ocrx_word' id='word_1_243' title='bbox 605 4034 842 4122; x_wconf 79' lang='grc' dir='ltr'><strong><em>χαριεντίζεται</em></strong></span> <span class='ocrx_word' id='word_1_244' title='bbox 866 4034 902 4098; x_wconf 77' lang='grc' dir='ltr'><strong>δέ</strong></span> <span class='ocrx_word' id='word_1_245' title='bbox 917 4057 1009 4113; x_wconf 78' lang='grc' dir='ltr'><em>ποτε,</em></span> <span class='ocrx_word' id='word_1_246' title='bbox 1032 4045 1229 4116; x_wconf 82' lang='lat' dir='ltr'><strong>Hermogenem</strong></span> <span class='ocrx_word' id='word_1_247' title='bbox 1248 4032 1365 4120; x_wconf 76' lang='grc' dir='ltr'><em>γοργὸν</em></span> 
     </span>
     <span class='ocr_line' id='line_1_35' title="bbox 193 4131 532 4218; baseline 0 -18"><span class='ocrx_word' id='word_1_248' title='bbox 193 4147 324 4200; x_wconf 64' lang='grc' dir='ltr'><strong>ντοιοῦσι</strong></span> <span class='ocrx_word' id='word_1_249' title='bbox 348 4132 404 4198; x_wconf 83' lang='grc' dir='ltr'><strong>τὸν</strong></span> <span class='ocrx_word' id='word_1_250' title='bbox 427 4131 532 4218; x_wconf 77' lang='grc' dir='ltr'><em>λόγον.</em></span> 
     </span>
    </p>
   </div>
   <div class='ocr_carea' id='block_1_9' title="bbox 299 4242 591 4408">
    <p class='ocr_par' dir='ltr' id='par_1_9' title="bbox 299 4242 591 4408">
     <span class='ocr_line' id='line_1_36' title="bbox 299 4242 591 4310; baseline -0.003 -12"><span class='ocrx_word' id='word_1_251' title='bbox 299 4243 324 4310; x_wconf 79' lang='lat'><strong>²)</strong></span> <span class='ocrx_word' id='word_1_252' title='bbox 343 4245 385 4299; x_wconf 88' lang='lat' dir='ltr'><strong>Da</strong></span> <span class='ocrx_word' id='word_1_253' title='bbox 404 4259 442 4298; x_wconf 92' lang='lat' dir='ltr'><strong>or.</strong></span> <span class='ocrx_word' id='word_1_254' title='bbox 462 4244 508 4298; x_wconf 95' lang='lat' dir='ltr'><strong>III</strong></span> <span class='ocrx_word' id='word_1_255' title='bbox 530 4242 591 4298; x_wconf 75' lang='lat'><strong>206.</strong></span> 
     </span>
     <span class='ocr_line' id='line_1_37' title="bbox 300 4331 521 4408; baseline 0 -15"><span class='ocrx_word' id='word_1_256' title='bbox 300 4331 324 4408; x_wconf 80' lang='lat'><strong>⁸)</strong></span> <span class='ocrx_word' id='word_1_257' title='bbox 343 4333 434 4405; x_wconf 76' lang='lat' dir='ltr'><strong>Halm,</strong></span> <span class='ocrx_word' id='word_1_258' title='bbox 451 4333 477 4403; x_wconf 86' lang='grc'><strong>6,</strong></span> <span class='ocrx_word' id='word_1_259' title='bbox 496 4331 521 4393; x_wconf 83' lang='lat'><strong>6.</strong></span> 
     </span>
    </p>
   </div>
   <div class='ocr_carea' id='block_1_10' title="bbox 0 0 1554 4876">
    <p class='ocr_par' dir='ltr' id='par_1_10' title="bbox 0 0 1554 4876">
     <span class='ocr_line' id='line_1_38' title="bbox 0 0 1554 4876; baseline 0 0"><span class='ocrx_word' id='word_1_260' title='bbox 0 0 1554 4876; x_wconf 95' lang='lat' dir='ltr'><strong> </strong></span> 
     </span>
    </p>
   </div>
  </div>
 </body>
</html>
