3052 4876
669 268 866 351 -53-

178 444 254 523 Qua
283 447 319 510 in
342 462 389 528 re,
421 449 460 511 ut
483 463 527 511 ex
550 446 607 510 illa
626 447 740 526 priore
763 446 987 527 inquisitione
1010 447 1164 512 divinare
1187 450 1352 529 poteram,

180 553 388 633 saepissime
416 554 738 634 deprehendebatur
766 570 809 618 ea
836 553 1020 635 anaphora,
1044 571 1148 634 quam
1172 554 1352 619 brevitatis

179 676 285 724 causa
315 661 429 725 levem
461 661 547 725 dico.
595 660 837 742 ,Anaphoram‘
862 664 978 727 autem
1002 662 1150 726 subinde
1172 662 1352 727 brevitatis

178 782 283 830 causa
306 767 494 831 nominabo
518 767 595 847 ipsa
619 767 790 833 vocabula
813 768 867 832 bis
891 768 948 832 vel
970 769 1023 832 ter
1046 767 1170 846 posita.

283 890 407 956 Diiiert
438 895 553 957 autern
585 894 762 972 anaphora
793 893 882 957 levis
907 894 950 957 ab
973 892 1031 957 illa
1054 893 1152 974 gravi
1177 909 1229 976 ao,
1258 895 1353 975 quod

177 1014 247 1061 non
265 999 299 1061 in
316 999 552 1079 contraposita
566 999 635 1064 vim
653 1000 784 1079 accipit.
816 998 862 1063 At
878 1000 1056 1080 anaphora
1070 1001 1197 1084 gravis,
1213 1002 1351 1066 tametsi

177 1121 247 1168 vox
271 1106 441 1170 contraria
463 1121 534 1170 non
559 1122 697 1186 semper
721 1106 830 1189 adest,
858 1107 1063 1187 plerumque
1085 1106 1179 1172 illam
1202 1108 1352 1174 condici-

176 1227 278 1276 onem
311 1213 425 1278 habet
470 1211 646 1279 Interdum
680 1214 812 1296 accidit,
845 1217 884 1279 ut
907 1215 1093 1298 anaphora,
1122 1215 1351 1280 etiamsinon

175 1318 234 1382 ulli
250 1320 358 1383 verbo
375 1322 431 1383 est
447 1321 625 1402 contraria,
654 1322 804 1400 graviter
827 1321 1076 1405 pronuntietur,
1099 1321 1195 1387 velut
1219 1322 1249 1387 si
1273 1338 1351 1387 cum

175 1424 289 1505 ligura
313 1425 622 1505 conduplicationis
647 1430 790 1507 apparet
813 1427 1004 1492 coniuncta.
1038 1427 1099 1493 Illa
1122 1429 1214 1494 enim
1236 1429 1351 1510 ligura

176 1547 314 1612 semper
330 1532 428 1612 gravi
444 1533 516 1597 ictu
531 1533 687 1613 praedita
709 1533 826 1616 elficit,
848 1537 888 1598 ut
911 1535 1015 1599 etiarn
1039 1537 1215 1615 anaphora
1238 1537 1351 1617 gravi-
1432 1571 1435 1575 ·

175 1655 217 1703 us
240 1642 351 1704 sonet
392 1637 493 1717 Qu'od
517 1641 640 1704 attinet
663 1641 715 1704 ad·
732 1641 815 1705 illud
838 1641 1001 1721 primum:
1034 1643 1246 1723 anaphoram
1270 1659 1351 1709 essa

175 1762 327 1830 gravem,
352 1748 382 1811 si
415 1748 472 1811 alii
502 1749 610 1813 verbo
644 1751 699 1812 est
732 1749 975 1832 contraposita,
1005 1749 1108 1814 liceat
1131 1750 1222 1833 mihi,
1256 1753 1351 1815 ante

178 1868 282 1932 quam
300 1854 459 1934 exempla
476 1854 630 1938 aiteram,
646 1870 1002 1936 paucapraemonere.
1039 1855 1125 1921 Nam
1143 1874 1246 1937 quem
1261 1857 1352 1937 rugit

176 1959 379 2040 plerumque
412 1963 621 2044 anaphoras,
655 1962 685 2026 si
720 1963 990 2028 numerabilibus
1027 1963 1233 2046 efficiuntur,
1270 1980 1361 2054 esse

174 2065 331 2146 graves‘?
355 2064 439 2144 Quis
451 2070 567 2133 autem
579 2068 725 2149 ignoret,
741 2069 771 2133 si
788 2070 870 2150 quid
891 2070 994 2134 certis
1009 2072 1163 2135 numeris
1180 2071 1351 2153 delinitur,

174 2172 327 2253 reliquos
352 2190 475 2239 omnes
497 2191 579 2239 esse
603 2173 798 2240 exclusos?
822 2174 898 2240 Non
922 2176 1020 2241 aliter
1042 2194 1100 2242 res
1124 2194 1164 2243 se
1186 2179 1293 2243 habet
1315 2179 1349 2242 ln

175 2280 382 2360 quibusdam
416 2282 689 2361 pronominibus.
745 2278 829 2357 Quis
863 2282 954 2345 enirn
988 2285 1138 2364 exempli
1168 2286 1288 2368 gratia,
1320 2286 1350 2350 si

175 2387 256 2450 dicit
287 2389 438 2467 aliquem
469 2389 585 2468 ipsum
619 2388 750 2452 iecisse
783 2388 913 2468 aliquid
945 2405 1017 2453 non
1049 2390 1201 2455 excludit
1232 2390 1350 2457 alios‘?

174 2491 295 2572 ltaque
327 2492 429 2557 tacile
461 2495 683 2574 cognoscitur
716 2510 786 2559 non
817 2496 1017 2561 necessario
1045 2496 1129 2561 illud
1152 2499 1350 2579 anaphorae

177 2600 319 2664 verbum
352 2600 625 2681 contrapositum
659 2617 798 2680 semper
826 2618 907 2666 esse
931 2603 1155 2686 nominatum,
1186 2605 1250 2669 sed
1273 2622 1349 2671 sae-

175 2709 317 2788 pissime
355 2725 437 2774 esse
475 2709 707 2789 cogitandum.
766 2708 838 2774 larn
869 2710 1044 2776 nonnullis
1077 2711 1246 2792 exemplis
1276 2727 1349 2776 rem

174 2818 362 2897 explicabo.
409 2817 595 2898 Anaphora
617 2817 736 2897 gravis
760 2823 832 2883 est:

280 2959 382 3040 Verg.
405 2959 485 3025 Buc.
507 2959 536 3025 ll
564 2960 615 3024 32.

218 3079 305 3145 Pan
329 3081 459 3160 primus
484 3084 637 3147 calamos
662 3099 740 3148 cera
764 3086 975 3165 coniungere
998 3087 1115 3167 plures

217 3186 376 3272 Instituit,
400 3187 487 3253 Pan
511 3192 606 3254 curat
629 3205 716 3255 oves
733 3191 922 3273 oviumque
938 3193 1134 3272 magistros.

172 3331 238 3398 Vel
259 3331 344 3397 illud
366 3332 509 3414 Vergilii
531 3332 567 3397 in
591 3330 670 3397 Buc.
694 3332 725 3398 V
747 3331 799 3405 29.

217 3455 424 3536 Daphnis
448 3460 484 3522 et
506 3456 688 3522 Armenias
713 3474 814 3525 curru
838 3460 1051 3540 subiungere
1074 3462 1183 3541 tigres

217 3560 375 3646 Instituit,
399 3563 601 3644 Daphnis
626 3563 760 3630 thiasos
782 3567 947 3632 inducere
969 3566 1115 3633 Baccho.

172 3700 304 3781 Quibus
335 3706 370 3769 in
401 3707 561 3771 versibus
593 3723 721 3772 sensus
752 3709 851 3775 latet:
888 3711 959 3777 Pan
996 3712 1081 3778 lectt
1115 3717 1150 3777 et
1183 3712 1347 3796 Daphnis

173 3827 242 3876 non
278 3815 393 3878 autem
426 3814 523 3879 alius.
569 3813 620 3880 lta
657 3832 728 3880 non
770 3832 844 3882 rem
876 3835 957 3884 esse
993 3821 1029 3883 in
1068 3822 1245 3902 anaphora
1278 3822 1347 3885 levi

173 3935 218 3983 ex
243 3922 403 4000 sequenti
427 3936 623 4002 cognosces
640 3923 823 4001 exemplo:

197 4099 198 4102 =
280 4059 342 4126 Ov.
367 4059 440 4131 Am,
463 4061 478 4126 Ι
500 4063 562 4129 XV
586 4065 638 4128 29.

278 4184 446 4268 ,Gallus
470 4190 506 4252 et
527 4187 705 4269 Hesperiis
730 4194 765 4256 et
782 4188 943 4258 Gallus
957 4197 1063 4259 notus
1077 4195 1177 4278 Eois:
1201 4196 1260 4260 ubi
1275 4211 1346 4260 non

173 4295 348 4384 anaphora
373 4295 437 4372 sed
461 4295 527 4367 alia
550 4298 705 4372 membra
728 4301 896 4376 enuntiati
920 4303 1089 4375 contrarie
1113 4306 1195 4375 sunt
1222 4305 1346 4391 posita.
