3052 4876
655 274 852 338 ..76-

173 451 237 506 Her.
257 452 327 506 XVll
347 453 390 507 91.
428 452 497 520 Quo
517 451 606 521 magis
625 453 723 508 accedo
741 452 922 522 propioraque
942 450 1024 508 litora
1041 452 1112 508 fiunt

227 537 366 610 eroqne
386 542 474 598 minna
493 548 589 614 restat,
608 543 669 612 plus
688 543 755 597 libet
773 543 813 598 ire
831 542 906 597 mibi.

172 631 237 686 Her.
257 632 306 684 XX
326 631 368 686 73.
408 632 459 686 Ille
478 633 612 687 secundus
632 639 699 699 erat,
719 632 776 700 qni
796 648 839 687 me
857 632 995 687 referebat
1013 639 1122 688 euntem

228 721 363 790 Quique
382 737 478 790 parum
496 721 565 776 felix
583 721 751 790 impediebat
768 722 828 777 iter.

173 811 238 864 liet.
258 810 277 863 ll
296 811 356 864 475.
396 811 464 877 Qua
483 810 534 865 tibi
553 827 688 880 quaque
707 812 797 878 places
816 819 916 879 nostro,
936 812 1098 880 importuna,
1120 812 1219 866 marito

173 901 248 955 Fest.
269 900 303 954 Vl
321 899 382 955 239.
421 901 505 955 Festa
524 900 581 955 dies
599 900 663 967 illis,
683 901 743 970 qui
761 900 818 956 lina
837 901 976 956 madentia
996 902 1098 957 ducunt

228 990 362 1058 Quique
382 997 482 1059 tegunt
501 991 593 1059 parvis
613 1007 676 1046 aere
696 1007 811 1046 recurva
830 990 903 1045 cibis.

174 1079 258 1135 Trist.
277 1079 307 1133 lll
327 1079 368 1146 14,
388 1079 431 1133 27.
470 1080 651 1149 Conpositum
672 1096 735 1149 qno
755 1079 792 1135 sit
810 1087 931 1150 tempore
951 1097 1082 1149 quoque
1102 1081 1168 1136 loco.

594 1220 625 1300 ζ)
650 1223 929 1287 adverbium:

173 1348 238 1402 Her.
258 1348 309 1402 XX
328 1349 370 1402 15.
408 1348 511 1415 Quam
530 1348 581 1403 tibi
600 1366 671 1404 nunc
691 1349 820 1418 gracilem
841 1350 899 1404 vix
917 1349 1152 1404 haec'rescribere
1177 1365 1277 1417 quam
1289 1366 1357 1418 que

229 1438 336 1492 Pallida
355 1439 415 1492 rix
433 1437 525 1492 cubito
544 1439 664 1493 membra
682 1440 776 1493 levare
795 1439 895 1507 putas?

586 1584 620 1667 q)
646 1582 935 1646 coniunctio:

175 1725 275 1793 Georg.
297 1726 311 1778 I
330 1725 391 1779 360.
429 1725 498 1779 lam
517 1724 569 1779 eibi
588 1731 645 1779 tum
667 1725 760 1779 curvis
779 1727 849 1779 male
869 1730 1005 1793 temperat
1024 1725 1098 1778 unda
1117 1722 1216 1785 carinis

229 1815 305 1868 Cum
326 1812 413 1868 medio
432 1814 532 1868 celeres
551 1815 677 1868 revolant
696 1831 730 1868 ex
750 1829 865 1880 aequore
885 1813 973 1882 mergi

228 1904 543 1972 clamoremque'ierunt
562 1904 597 1957 ad
615 1903 704 1970 litora,
724 1919 862 1971 cumque
881 1904 1001 1959 marinae

228 1994 260 2047 ln
279 1993 350 2049 sicco
369 1994 467 2047 ludunt
485 1993 599 2060 fulicae;

175 2083 274 2151 Georg.
294 2082 403 2136 111237.
441 2083 555 2136 Fluctus
574 2089 612 2136 ut
630 2082 658 2137 in
678 2082 765 2136 medio
785 2081 881 2150 coepit,
900 2099 959 2136 cum
979 2082 1116 2137 albescere
1136 2089 1219 2150 ponto

232 2170 355 2240 Longius
374 2187 407 2226 ex
426 2172 537 2241 altoque
556 2172 643 2226 sinum
664 2171 759 2238 trabib
779 2177 887 2238 utque
907 2172 1016 2226 volutus
1040 2187 1041 2190 ¹

228 2263 270 2316 Ad
289 2269 378 2316 terras
397 2263 513 2317 immane
532 2269 612 2316 sonat
649 2303 654 2316 .
693 2304 698 2315 .
737 2303 743 2315 .

179 2354 246 2407 Aen.
266 2353 279 2405 Ι
298 2352 351 2406 298
370 2358 408 2405 nt
427 2359 518 2406 terrae
537 2359 644 2418 utque
663 2368 750 2406 novae
769 2357 884 2419 pateant
902 2350 1085 2418 Karthaginis
1104 2366 1180 2406 arces

174 2443 240 2496 Aen.
260 2441 358 2495 11665.
396 2440 494 2508 Eripis,
514 2447 551 2494 ut
570 2440 666 2494 mediis
685 2441 788 2494 boetem
808 2441 835 2494 in
856 2440 1041 2508 penetralibus
1060 2447 1168 2508 utque

229 2529 401 2584 Ascanium.
422 2571 427 2584 .
448 2571 455 2584 .
475 2528 599 2583 cernam?

176 2763 240 2817 Her.
261 2763 321 2816 XVl
343 2763 384 2817 13.
421 2763 573 2815 Rustica
591 2762 642 2816 sim
661 2779 735 2828 sane,
756 2763 828 2816 dum
854 2780 907 2817 non
926 2763 1013 2818 oblita
1030 2763 1149 2832 pudoris.

228 2853 383 2918 Dumque
402 2856 482 2910 tenor
501 2850 576 2905 vitae
595 2850 633 2904 sit
647 2851 705 2905 sine
723 2851 785 2905 labe
804 2868 887 2906 meae.

174 2941 214 2996 Ib.
234 2939 295 2996 603.
332 2940 376 2994 Ut
395 2955 466 2993 nova
479 2940 613 2994 Phasiaca
633 2957 784 3009 compressa
803 2947 846 2995 est
864 2949 951 3010 nupta
970 2958 1068 2997 corona

228 3031 344 3097 thue
363 3034 442 3098 pater
461 3037 564 3097 nuptae

568 3155 607 3236 θ)
633 3156 936 3235 praepositio:

174 3301 274 3368 Georg.
293 3300 312 3352 ll
331 3300 392 3354 307.
424 3300 494 3353 'Per
512 3316 600 3353 ramos
620 3299 707 3354 victor
726 3315 853 3367 perque
872 3300 930 3354 alta
948 3298 1088 3354 cacumina
1106 3307 1214 3368 regnat.

174 3390 274 3458 Georg.
296 3390 325 3443 lll
346 3389 407 3443 269.
446 3389 534 3443 Illas
554 3389 629 3443 ducit
648 3405 723 3442 amor
742 3397 839 3442 trans
859 3390 986 3458 Gargara
1010 3396 1181 3456 transque
1200 3397 1350 3445 sonantem

227 3480 381 3533 Ascanium.
1215 3468 1218 3474 ’

173 3569 241 3622 Aen.
261 3569 281 3622 ll
298 3569 342 3623 51.
379 3570 417 3622 In
436 3569 509 3622 latua
528 3567 632 3633 inque
651 3566 703 3620 ieri
722 3583 831 3621 curvam
851 3567 1026 3636 compagibus
1040 3568 1132 3623 alvum

230 3657 376 3712 Contorsit.

175 3750 240 3802 Aen.
260 3747 284 3799 V
302 3745 363 3800 858.
401 3747 438 3799 Et
456 3761 537 3813 super
556 3745 715 3800 incumbens
735 3764 806 3800 cum
827 3746 924 3814 puppis
942 3752 1022 3814 parte
1041 3746 1150 3801 revolsa

228 3837 374 3903 Cumque
393 3835 558 3904 gubernaclo
578 3835 695 3902 liquidas
713 3835 829 3904 proiecit
847 3835 875 3887 in
894 3835 988 3888 undas.

174 3928 241 3980 Aen.
262 3925 297 3977 Vl
316 3923 376 3977 268.
416 3924 520 3978 ibunt
539 3925 645 3979 obscuri
664 3926 723 3978 sola
742 3924 791 3977 snb
811 3930 889 3976 noete
908 3939 967 3991 per
985 3924 1106 3978 umbram

226 4016 361 4082 Perque
383 4016 473 4068 domos
493 4014 574 4068 Ditis.

175 4106 241 4160 Aen.
262 4102 386 4159 xl1293.
425 4103 462 4157 ln
481 4114 564 4171 capnt
583 4103 689 4170 inque
715 4117 828 4155 umeros.

653 4269 864 4294 n—-d--w
